1778 2693
715 114 891 143 SATVRA
923 113 991 141 VII

121 216 214 269 quis
234 216 349 256 locus
369 215 553 268 ingenio,
578 215 658 255 nisi
679 229 776 255 cum
797 228 838 254 sc
860 213 1045 254 carmine
1066 214 1152 254 solo

120 276 274 321 vexant
293 285 335 320 et
355 280 537 320 dominis
559 280 732 320 Cirrhae
754 281 974 332 Nysaeque
995 280 1195 319 feruntur

119 349 290 399 pectora
313 349 444 386 vestra
464 346 568 385 duas
588 359 672 385 non
694 345 964 385 admittentia
985 359 1104 385 curas
1118 347 1136 384 ⁸?

120 425 295 464 magnae
316 411 469 451 mentis
489 424 592 464 opus
614 424 689 451 nec
709 412 760 451 de
780 411 914 451 lodice
935 411 1119 464 paranda

120 478 337 525 attonitae,
361 491 508 517 currus
530 481 572 516 et
592 490 720 529 equos
739 477 949 529 faciesque
970 477 1144 516 deorum

119 543 301 596 aspicere
321 546 364 583 et
384 543 520 595 qualis
541 543 750 582 Rutulum
773 543 1010 582 confundat
1031 542 1196 594 Erinys.

121 622 218 649 nam
239 609 272 648 si
294 609 482 661 Vergilio
504 622 608 662 puer
628 611 670 648 et
690 608 905 648 tolerabile
927 609 1062 648 desset

120 675 367 728 hospitium,
391 675 590 714 caderent
610 688 756 715 omnes
776 688 800 714 a
821 674 1009 714 crinibus
1031 673 1168 726 hydri,

120 741 245 780 surda
265 740 372 780 nihil
394 743 579 793 gemeret
598 753 722 792 grave
742 740 914 780 bucina:
945 739 1154 792 poscimus
1174 741 1223 778 ut
1242 738 1297 778 sit

121 819 206 846 non
227 806 365 846 minor
385 806 561 858 antiquo
583 806 806 846 Rubrenus
828 805 973 857 Lappa
993 804 1215 851 cothurno,

121 871 241 911 cuius
261 874 304 911 et
323 871 502 911 alveolos
522 874 564 911 et
584 871 747 911 laenam
768 871 808 923 pi
815 872 964 923 gnerat
985 870 1140 909 Atreus
1154 871 1172 908 ⁶?

121 949 207 976 non
226 937 354 976 habet
373 936 524 976 infelix
545 936 748 976 Numitor
769 936 881 988 quod
903 935 1048 974 mittat
1068 934 1222 974 amico:

122 1002 352 1051 Quintillae
374 1002 486 1054 quod
507 1002 636 1042 donet
656 1001 796 1049 habet,
820 1014 898 1041 nec
918 1000 1057 1040 defuit
1077 999 1139 1039 illi

120 1067 234 1107 unde
254 1070 412 1107 emeret
432 1067 569 1106 multa
588 1067 846 1119 pascendum
867 1079 990 1106 carne
1011 1065 1173 1105 leonem

121 1133 204 1172 iam
225 1132 455 1181 domitum3
486 1134 651 1172 constat
670 1131 814 1172 leviori
838 1131 961 1171 belua
981 1132 1154 1183 sumptu

121 1197 324 1237 nimirum
345 1202 387 1237 et
407 1197 582 1250 capiunt
602 1197 698 1249 plus
718 1196 920 1236 intestina
939 1198 1098 1249 poetae.

121 1265 346 1303 contentus
365 1263 479 1302 fama
499 1263 631 1302 iaceat
652 1263 848 1302 Lucanus
870 1262 915 1300 in
935 1261 1070 1301 hortis

121 1325 377 1373 marmoreis,
401 1328 445 1365 at
466 1326 644 1365 Serrano
665 1325 866 1377 tenuique
888 1324 1022 1364 Saleio

121 1391 254 1443 gloria
273 1391 537 1443 quantalibet
558 1391 660 1442 quid
682 1390 776 1437 erit,
801 1390 832 1429 si
855 1390 988 1441 gloria
1008 1391 1176 1428 tantum
1197 1388 1292 1428 est?

121 1456 308 1496 curritur
328 1456 379 1495 ad
402 1469 544 1495 vocem
565 1455 795 1494 iucundam
816 1458 858 1494 et
879 1467 1047 1494 carmen
1068 1453 1225 1493 amicae

122 1521 372 1569 Thebaidos,
396 1521 551 1560 laetam
572 1534 669 1560 cum
690 1520 793 1560 fecit
814 1519 975 1560 Statius
996 1519 1142 1559 urbem

121 1586 397 1639 promisitque
417 1585 551 1634 diem3
583 1588 702 1625 tanta
722 1584 948 1625 dulcedine
968 1586 1113 1637 captos

120 1651 266 1692 adficit
285 1651 356 1691 ille
376 1651 539 1691 animos
559 1654 760 1703 tantaque
780 1649 956 1690 libidine
978 1649 1089 1702 volgi

121 1717 313 1766 auditur3
345 1717 415 1757 sed
436 1730 533 1756 cum
554 1716 684 1768 fregit
704 1715 899 1756 subsellia
921 1729 1055 1762 versu,

121 1782 266 1830 esurit,
291 1782 494 1822 intactam
518 1781 660 1821 Paridi
683 1781 763 1821 nisi
785 1781 931 1821 vendit
952 1780 1138 1833 Agaven.

122 1847 192 1887 ille
212 1850 256 1887 et
276 1847 453 1887 militiae
474 1846 621 1886 multis
641 1846 821 1899 largitur
842 1845 1059 1894 honorem,

121 1912 339 1953 semenstri
361 1912 518 1965 digitos
539 1915 684 1952 vatum
705 1911 973 1963 circumligat
993 1924 1107 1951 auro.

122 1978 232 2031 quod
255 1991 339 2018 non
360 1978 465 2018 dant
485 1991 689 2030 proceres,
713 1977 831 2016 dabit
852 1975 1014 2016 histrio.
1076 1978 1124 2015 tu
1148 1975 1390 2015 Camerinos

121 2046 164 2083 et
185 2043 373 2090 Baream,
401 2046 444 2082 tu
467 2043 675 2082 nobilium
696 2055 850 2094 magna
869 2041 976 2081 atria
997 2054 1116 2081 curas
1131 2042 1149 2079 ?

121 2109 354 2161 praefectos
375 2109 553 2161 Pelopea
573 2108 691 2156 facit,
718 2107 952 2147 Philomela
973 2106 1179 2146 tribunos.

122 2173 227 2213 haut
247 2176 389 2213 tamen
410 2173 597 2213 invideas
617 2173 702 2213 vati
725 2186 849 2225 quem
871 2171 1039 2224 pulpita
1058 2175 1251 2224 pascunt.

123 2238 217 2291 quis
237 2239 313 2278 tibi
338 2239 570 2286 Maecenas,
595 2239 688 2291 quis
709 2251 822 2278 nunc
843 2237 924 2277 erit
944 2240 1018 2276 aut
1040 2237 1284 2277 Proculeius

122 2306 197 2343 aut
217 2303 371 2344 Fabius
385 2305 403 2342 ¹?
461 2303 555 2355 quis
577 2304 702 2343 Cotta
723 2303 894 2350 iterum,
920 2302 1013 2354 quis
1036 2302 1242 2341 Lentulus
1261 2301 1399 2341 alter?

123 2371 226 2408 tunc
246 2382 322 2421 par
342 2369 513 2421 ingenio
533 2369 734 2421 pretium,
760 2374 862 2407 tuuc
885 2367 990 2407 utile
1011 2367 1158 2406 multis

122 2433 277 2485 pallere
297 2436 340 2474 et
360 2433 506 2474 vinum
529 2436 618 2474 toto
639 2433 800 2474 nescire
821 2432 1043 2473 decembri.

1532 112 1580 155 53

1535 347 1584 384 65

1537 674 1586 713 70

1538 1001 1586 1040 75

1537 1326 1587 1363 80

1537 1651 1587 1689 85

1538 1978 1587 2014 90

1537 2304 1586 2340 95
