<?xml version="1.0" encoding="UTF-8"?>
<!DOCTYPE html PUBLIC "-//W3C//DTD XHTML 1.0 Transitional//EN"
    "http://www.w3.org/TR/xhtml1/DTD/xhtml1-transitional.dtd">
<html xmlns="http://www.w3.org/1999/xhtml" xml:lang="en" lang="en">
 <head>
  <title>
</title>
<meta http-equiv="Content-Type" content="text/html;charset=utf-8" />
  <meta name='ocr-system' content='tesseract 3.04.00' />
  <meta name='ocr-capabilities' content='ocr_page ocr_carea ocr_par ocr_line ocrx_word'/>
</head>
<body>
  <div class='ocr_page' id='page_1' title='image "./saturarumlibriv00juveuoft_0105.png"; bbox 0 0 1778 2693; ppageno 0'>
   <div class='ocr_carea' id='block_1_1' title="bbox 707 115 964 144">
    <p class='ocr_par' dir='ltr' id='par_1_1' title="bbox 707 115 964 144">
     <span class='ocr_line' id='line_1_1' title="bbox 707 115 964 144; baseline 0 0"><span class='ocrx_word' id='word_1_1' title='bbox 707 115 884 144; x_wconf 80' lang='lat' dir='ltr'>SATVRA</span> <span class='ocrx_word' id='word_1_2' title='bbox 915 115 964 144; x_wconf 91' lang='lat' dir='ltr'>IV</span> 
     </span>
    </p>
   </div>
   <div class='ocr_carea' id='block_1_2' title="bbox 101 215 1328 2162">
    <p class='ocr_par' dir='ltr' id='par_1_2' title="bbox 101 215 1212 464">
     <span class='ocr_line' id='line_1_2' title="bbox 101 215 1212 256; baseline -0.002 0"><span class='ocrx_word' id='word_1_3' title='bbox 101 215 322 256; x_wconf 83' lang='lat' dir='ltr'>saevitiam</span> <span class='ocrx_word' id='word_1_4' title='bbox 343 215 545 256; x_wconf 88' lang='lat' dir='ltr'>damnare</span> <span class='ocrx_word' id='word_1_5' title='bbox 566 219 609 256; x_wconf 87' lang='lat' dir='ltr'>et</span> <span class='ocrx_word' id='word_1_6' title='bbox 630 216 859 256; x_wconf 88' lang='lat' dir='ltr'>honestum</span> <span class='ocrx_word' id='word_1_7' title='bbox 881 216 1048 256; x_wconf 80' lang='lat' dir='ltr'>adferre</span> <span class='ocrx_word' id='word_1_8' title='bbox 1063 215 1212 255; x_wconf 86' lang='lat' dir='ltr'>liceret</span> 
     </span>
     <span class='ocr_line' id='line_1_3' title="bbox 102 280 1212 334; baseline -0.002 -13"><span class='ocrx_word' id='word_1_9' title='bbox 102 281 329 321; x_wconf 87' lang='lat' dir='ltr'>consilium</span> <span class='ocrx_word' id='word_1_10' title='bbox 349 281 366 321; x_wconf 71' lang='lat' dir='ltr'>P</span> <span class='ocrx_word' id='word_1_11' title='bbox 422 281 495 321; x_wconf 86' lang='lat' dir='ltr'>sed</span> <span class='ocrx_word' id='word_1_12' title='bbox 517 281 620 334; x_wconf 89' lang='lat' dir='ltr'>quid</span> <span class='ocrx_word' id='word_1_13' title='bbox 644 282 875 321; x_wconf 80' lang='lat' dir='ltr'>violentius</span> <span class='ocrx_word' id='word_1_14' title='bbox 898 294 999 321; x_wconf 88' lang='lat' dir='ltr'>aure</span> <span class='ocrx_word' id='word_1_15' title='bbox 1023 280 1212 333; x_wconf 82' lang='lat' dir='ltr'>tyranni,</span> 
     </span>
     <span class='ocr_line' id='line_1_4' title="bbox 102 346 1176 398; baseline 0 -13"><span class='ocrx_word' id='word_1_16' title='bbox 102 359 200 386; x_wconf 89' lang='lat' dir='ltr'>cum</span> <span class='ocrx_word' id='word_1_17' title='bbox 223 359 306 398; x_wconf 91' lang='lat' dir='ltr'>quo</span> <span class='ocrx_word' id='word_1_18' title='bbox 329 346 380 386; x_wconf 89' lang='lat' dir='ltr'>de</span> <span class='ocrx_word' id='word_1_19' title='bbox 401 346 558 398; x_wconf 83' lang='lat' dir='ltr'>pluviis</span> <span class='ocrx_word' id='word_1_20' title='bbox 579 350 654 386; x_wconf 86' lang='lat' dir='ltr'>aut</span> <span class='ocrx_word' id='word_1_21' title='bbox 676 347 863 386; x_wconf 86' lang='lat' dir='ltr'>aestibus</span> <span class='ocrx_word' id='word_1_22' title='bbox 885 350 961 386; x_wconf 85' lang='lat' dir='ltr'>aut</span> <span class='ocrx_word' id='word_1_23' title='bbox 982 346 1176 385; x_wconf 86' lang='lat' dir='ltr'>nimboso</span> 
     </span>
     <span class='ocr_line' id='line_1_5' title="bbox 102 411 988 464; baseline -0.001 -13"><span class='ocrx_word' id='word_1_24' title='bbox 102 425 198 451; x_wconf 80' lang='lat' dir='ltr'>vere</span> <span class='ocrx_word' id='word_1_25' title='bbox 219 412 407 451; x_wconf 89' lang='lat' dir='ltr'>locuturi</span> <span class='ocrx_word' id='word_1_26' title='bbox 425 412 565 451; x_wconf 82' lang='lat' dir='ltr'>fatum</span> <span class='ocrx_word' id='word_1_27' title='bbox 587 413 802 464; x_wconf 83' lang='lat' dir='ltr'>pendebat</span> <span class='ocrx_word' id='word_1_28' title='bbox 824 412 949 451; x_wconf 81' lang='lat' dir='ltr'>amici</span> <span class='ocrx_word' id='word_1_29' title='bbox 971 411 988 451; x_wconf 72' lang='grc' dir='ltr'>Ρ</span> 
     </span>
    </p>

    <p class='ocr_par' dir='ltr' id='par_1_3' title="bbox 101 477 1208 856">
     <span class='ocr_line' id='line_1_6' title="bbox 102 477 1169 529; baseline 0 -13"><span class='ocrx_word' id='word_1_30' title='bbox 102 477 173 516; x_wconf 87' lang='lat' dir='ltr'>ille</span> <span class='ocrx_word' id='word_1_31' title='bbox 195 477 329 529; x_wconf 87' lang='lat' dir='ltr'>igitur</span> <span class='ocrx_word' id='word_1_32' title='bbox 351 491 585 529; x_wconf 75' lang='lat' dir='ltr'>numquam</span> <span class='ocrx_word' id='word_1_33' title='bbox 608 478 773 517; x_wconf 84' lang='lat' dir='ltr'>derexit</span> <span class='ocrx_word' id='word_1_34' title='bbox 796 477 996 516; x_wconf 86' lang='lat' dir='ltr'>bracchia</span> <span class='ocrx_word' id='word_1_35' title='bbox 1017 479 1169 516; x_wconf 85' lang='lat' dir='ltr'>contra</span> 
     </span>
     <span class='ocr_line' id='line_1_7' title="bbox 103 543 1112 595; baseline 0 -14"><span class='ocrx_word' id='word_1_36' title='bbox 103 546 353 589; x_wconf 87' lang='lat' dir='ltr'>torrentem,</span> <span class='ocrx_word' id='word_1_37' title='bbox 379 556 456 582; x_wconf 88' lang='lat' dir='ltr'>nec</span> <span class='ocrx_word' id='word_1_38' title='bbox 479 543 582 582; x_wconf 78' lang='lat' dir='ltr'>civis</span> <span class='ocrx_word' id='word_1_39' title='bbox 604 546 694 582; x_wconf 84' lang='lat' dir='ltr'>erat</span> <span class='ocrx_word' id='word_1_40' title='bbox 718 543 790 595; x_wconf 90' lang='lat' dir='ltr'>qui</span> <span class='ocrx_word' id='word_1_41' title='bbox 814 543 947 582; x_wconf 86' lang='lat' dir='ltr'>libera</span> <span class='ocrx_word' id='word_1_42' title='bbox 969 545 1112 594; x_wconf 87' lang='lat' dir='ltr'>posset</span> 
     </span>
     <span class='ocr_line' id='line_1_8' title="bbox 102 597 1208 660; baseline 0 -14"><span class='ocrx_word' id='word_1_43' title='bbox 102 608 229 647; x_wconf 87' lang='lat' dir='ltr'>verba</span> <span class='ocrx_word' id='word_1_44' title='bbox 249 608 381 647; x_wconf 88' lang='lat' dir='ltr'>animi</span> <span class='ocrx_word' id='word_1_45' title='bbox 403 609 593 660; x_wconf 78' lang='lat' dir='ltr'>proferre</span> <span class='ocrx_word' id='word_1_46' title='bbox 615 611 658 647; x_wconf 89' lang='lat' dir='ltr'>et</span> <span class='ocrx_word' id='word_1_47' title='bbox 680 609 813 648; x_wconf 73' lang='lat' dir='ltr'>vitain</span> <span class='ocrx_word' id='word_1_48' title='bbox 835 608 1068 660; x_wconf 85' lang='lat' dir='ltr'>inpendere</span> <span class='ocrx_word' id='word_1_49' title='bbox 1089 597 1208 647; x_wconf 49' lang='lat' dir='ltr'>vero?</span> 
     </span>
     <span class='ocr_line' id='line_1_9' title="bbox 101 672 1117 726; baseline 0 -15"><span class='ocrx_word' id='word_1_50' title='bbox 101 672 160 712; x_wconf 89' lang='lat' dir='ltr'>sic</span> <span class='ocrx_word' id='word_1_51' title='bbox 183 673 340 713; x_wconf 88' lang='lat' dir='ltr'>multas</span> <span class='ocrx_word' id='word_1_52' title='bbox 362 673 522 713; x_wconf 83' lang='lat' dir='ltr'>hiemes</span> <span class='ocrx_word' id='word_1_53' title='bbox 543 677 672 726; x_wconf 85' lang='lat' dir='ltr'>atque</span> <span class='ocrx_word' id='word_1_54' title='bbox 694 673 987 725; x_wconf 84' lang='lat' dir='ltr'>octogensima</span> <span class='ocrx_word' id='word_1_55' title='bbox 1008 672 1117 712; x_wconf 83' lang='lat' dir='ltr'>vidit</span> 
     </span>
     <span class='ocr_line' id='line_1_10' title="bbox 102 737 1162 791; baseline 0 -15"><span class='ocrx_word' id='word_1_56' title='bbox 102 737 299 786; x_wconf 86' lang='lat' dir='ltr'>solstitia,</span> <span class='ocrx_word' id='word_1_57' title='bbox 320 738 386 778; x_wconf 88' lang='lat' dir='ltr'>his</span> <span class='ocrx_word' id='word_1_58' title='bbox 408 739 535 778; x_wconf 85' lang='lat' dir='ltr'>armis</span> <span class='ocrx_word' id='word_1_59' title='bbox 556 739 629 778; x_wconf 83' lang='lat' dir='ltr'>illa</span> <span class='ocrx_word' id='word_1_60' title='bbox 651 752 820 791; x_wconf 84' lang='lat' dir='ltr'>quoque</span> <span class='ocrx_word' id='word_1_61' title='bbox 842 742 965 777; x_wconf 89' lang='lat' dir='ltr'>tutus</span> <span class='ocrx_word' id='word_1_62' title='bbox 987 738 1031 776; x_wconf 87' lang='lat' dir='ltr'>in</span> <span class='ocrx_word' id='word_1_63' title='bbox 1052 737 1162 776; x_wconf 89' lang='lat' dir='ltr'>aula.</span> 
     </span>
     <span class='ocr_line' id='line_1_11' title="bbox 101 802 1112 856; baseline 0 -15"><span class='ocrx_word' id='word_1_64' title='bbox 101 802 322 854; x_wconf 79' lang='lat' dir='ltr'>proximus</span> <span class='ocrx_word' id='word_1_65' title='bbox 344 803 533 850; x_wconf 76' lang='lat' dir='ltr'>eiusdem</span> <span class='ocrx_word' id='word_1_66' title='bbox 556 804 812 856; x_wconf 72' lang='lat' dir='ltr'>properabat</span> <span class='ocrx_word' id='word_1_67' title='bbox 835 803 1000 842; x_wconf 80' lang='lat' dir='ltr'>Acilius</span> <span class='ocrx_word' id='word_1_68' title='bbox 1021 802 1112 842; x_wconf 80' lang='lat' dir='ltr'>aevi</span> 
     </span>
    </p>

    <p class='ocr_par' dir='ltr' id='par_1_4' title="bbox 101 867 1328 1051">
     <span class='ocr_line' id='line_1_12' title="bbox 102 867 1328 921; baseline 0.001 -15"><span class='ocrx_word' id='word_1_69' title='bbox 102 879 201 907; x_wconf 88' lang='lat' dir='ltr'>cum</span> <span class='ocrx_word' id='word_1_70' title='bbox 222 867 376 907; x_wconf 80' lang='lat' dir='ltr'>iuvene</span> <span class='ocrx_word' id='word_1_71' title='bbox 398 868 576 921; x_wconf 79' lang='lat' dir='ltr'>indigno</span> <span class='ocrx_word' id='word_1_72' title='bbox 595 882 723 920; x_wconf 84' lang='lat' dir='ltr'>quem</span> <span class='ocrx_word' id='word_1_73' title='bbox 746 882 857 908; x_wconf 91' lang='lat' dir='ltr'>mors</span> <span class='ocrx_word' id='word_1_74' title='bbox 881 872 969 907; x_wconf 91' lang='lat' dir='ltr'>tam</span> <span class='ocrx_word' id='word_1_75' title='bbox 992 881 1115 907; x_wconf 79' lang='lat' dir='ltr'>saeva</span> <span class='ocrx_word' id='word_1_76' title='bbox 1135 869 1328 907; x_wconf 87' lang='lat' dir='ltr'>maneret</span> 
     </span>
     <span class='ocr_line' id='line_1_13' title="bbox 102 933 1095 986; baseline -0.001 -14"><span class='ocrx_word' id='word_1_77' title='bbox 102 935 145 972; x_wconf 86' lang='lat' dir='ltr'>ct</span> <span class='ocrx_word' id='word_1_78' title='bbox 166 933 329 973; x_wconf 88' lang='lat' dir='ltr'>domini</span> <span class='ocrx_word' id='word_1_79' title='bbox 351 934 504 986; x_wconf 79' lang='lat' dir='ltr'>gladiis</span> <span class='ocrx_word' id='word_1_80' title='bbox 526 938 611 973; x_wconf 80' lang='lat' dir='ltr'>tan]</span> <span class='ocrx_word' id='word_1_81' title='bbox 635 934 869 983; x_wconf 81' lang='lat' dir='ltr'>festinata;</span> <span class='ocrx_word' id='word_1_82' title='bbox 899 933 973 973; x_wconf 86' lang='lat' dir='ltr'>sed</span> <span class='ocrx_word' id='word_1_83' title='bbox 995 933 1095 973; x_wconf 88' lang='lat' dir='ltr'>olim</span> 
     </span>
     <span class='ocr_line' id='line_1_14' title="bbox 101 999 1025 1051; baseline 0 -14"><span class='ocrx_word' id='word_1_84' title='bbox 101 999 298 1051; x_wconf 85' lang='lat' dir='ltr'>prodigio</span> <span class='ocrx_word' id='word_1_85' title='bbox 320 1012 396 1051; x_wconf 88' lang='lat' dir='ltr'>par</span> <span class='ocrx_word' id='word_1_86' title='bbox 417 1004 479 1039; x_wconf 91' lang='lat' dir='ltr'>est</span> <span class='ocrx_word' id='word_1_87' title='bbox 501 999 545 1038; x_wconf 92' lang='lat' dir='ltr'>in</span> <span class='ocrx_word' id='word_1_88' title='bbox 561 999 790 1038; x_wconf 87' lang='lat' dir='ltr'>nobilitate</span> <span class='ocrx_word' id='word_1_89' title='bbox 812 1002 1025 1045; x_wconf 88' lang='lat' dir='ltr'>senectus,</span> 
     </span>
    </p>

    <p class='ocr_par' dir='ltr' id='par_1_5' title="bbox 101 1063 1249 1246">
     <span class='ocr_line' id='line_1_15' title="bbox 103 1063 1140 1116; baseline -0.001 -13"><span class='ocrx_word' id='word_1_90' title='bbox 103 1064 217 1103; x_wconf 88' lang='lat' dir='ltr'>unde</span> <span class='ocrx_word' id='word_1_91' title='bbox 239 1065 287 1103; x_wconf 90' lang='lat' dir='ltr'>fit</span> <span class='ocrx_word' id='word_1_92' title='bbox 308 1068 357 1103; x_wconf 89' lang='lat' dir='ltr'>ut</span> <span class='ocrx_word' id='word_1_93' title='bbox 379 1065 525 1104; x_wconf 89' lang='lat' dir='ltr'>malim</span> <span class='ocrx_word' id='word_1_94' title='bbox 546 1065 806 1104; x_wconf 75' lang='lat' dir='ltr'>fraterculus</span> <span class='ocrx_word' id='word_1_95' title='bbox 829 1077 916 1104; x_wconf 88' lang='lat' dir='ltr'>esse</span> <span class='ocrx_word' id='word_1_96' title='bbox 937 1063 1140 1116; x_wconf 80' lang='lat' dir='ltr'>gigantis.</span> 
     </span>
     <span class='ocr_line' id='line_1_16' title="bbox 101 1129 1249 1182; baseline 0 -14"><span class='ocrx_word' id='word_1_97' title='bbox 101 1129 268 1181; x_wconf 79' lang='lat' dir='ltr'>profuit</span> <span class='ocrx_word' id='word_1_98' title='bbox 290 1142 390 1182; x_wconf 88' lang='lat' dir='ltr'>ergo</span> <span class='ocrx_word' id='word_1_99' title='bbox 411 1130 520 1168; x_wconf 91' lang='lat' dir='ltr'>nihil</span> <span class='ocrx_word' id='word_1_100' title='bbox 543 1130 709 1177; x_wconf 84' lang='lat' dir='ltr'>misero,</span> <span class='ocrx_word' id='word_1_101' title='bbox 731 1130 846 1182; x_wconf 89' lang='lat' dir='ltr'>quod</span> <span class='ocrx_word' id='word_1_102' title='bbox 867 1129 1108 1168; x_wconf 87' lang='lat' dir='ltr'>comminus</span> <span class='ocrx_word' id='word_1_103' title='bbox 1130 1141 1249 1168; x_wconf 87' lang='lat' dir='ltr'>ursos</span> 
     </span>
     <span class='ocr_line' id='line_1_17' title="bbox 103 1194 1030 1246; baseline 0 -13"><span class='ocrx_word' id='word_1_104' title='bbox 103 1194 260 1246; x_wconf 87' lang='lat' dir='ltr'>figebat</span> <span class='ocrx_word' id='word_1_105' title='bbox 283 1195 494 1234; x_wconf 88' lang='lat' dir='ltr'>Numidas</span> <span class='ocrx_word' id='word_1_106' title='bbox 517 1195 684 1234; x_wconf 83' lang='lat' dir='ltr'>Albana</span> <span class='ocrx_word' id='word_1_107' title='bbox 704 1195 848 1234; x_wconf 87' lang='lat' dir='ltr'>nudus</span> <span class='ocrx_word' id='word_1_108' title='bbox 870 1195 1030 1234; x_wconf 85' lang='lat' dir='ltr'>harena</span> 
     </span>
    </p>

    <p class='ocr_par' dir='ltr' id='par_1_6' title="bbox 102 1259 1255 1768">
     <span class='ocr_line' id='line_1_18' title="bbox 103 1259 1183 1312; baseline 0 -14"><span class='ocrx_word' id='word_1_109' title='bbox 103 1262 292 1299; x_wconf 83' lang='lat' dir='ltr'>venator.</span> <span class='ocrx_word' id='word_1_110' title='bbox 355 1260 450 1312; x_wconf 90' lang='lat' dir='ltr'>quis</span> <span class='ocrx_word' id='word_1_111' title='bbox 472 1261 585 1299; x_wconf 90' lang='lat' dir='ltr'>enim</span> <span class='ocrx_word' id='word_1_112' title='bbox 607 1260 691 1299; x_wconf 84' lang='lat' dir='ltr'>iam</span> <span class='ocrx_word' id='word_1_113' title='bbox 714 1274 800 1299; x_wconf 87' lang='lat' dir='ltr'>non</span> <span class='ocrx_word' id='word_1_114' title='bbox 823 1259 1049 1312; x_wconf 85' lang='lat' dir='ltr'>intellegat</span> <span class='ocrx_word' id='word_1_115' title='bbox 1070 1262 1183 1298; x_wconf 89' lang='lat' dir='ltr'>artes</span> 
     </span>
     <span class='ocr_line' id='line_1_19' title="bbox 102 1324 1255 1377; baseline 0 -14"><span class='ocrx_word' id='word_1_116' title='bbox 102 1324 304 1376; x_wconf 81' lang='lat' dir='ltr'>patricias</span> <span class='ocrx_word' id='word_1_117' title='bbox 326 1325 343 1364; x_wconf 74' lang='grc' dir='ltr'><em>Ρ</em></span> <span class='ocrx_word' id='word_1_118' title='bbox 400 1325 494 1377; x_wconf 87' lang='lat' dir='ltr'>quis</span> <span class='ocrx_word' id='word_1_119' title='bbox 515 1325 704 1377; x_wconf 91' lang='lat' dir='ltr'>priscum</span> <span class='ocrx_word' id='word_1_120' title='bbox 726 1325 834 1364; x_wconf 90' lang='lat' dir='ltr'>illud</span> <span class='ocrx_word' id='word_1_121' title='bbox 856 1325 1038 1364; x_wconf 87' lang='lat' dir='ltr'>miratur</span> <span class='ocrx_word' id='word_1_122' title='bbox 1058 1337 1255 1372; x_wconf 87' lang='lat' dir='ltr'>acumen,</span> 
     </span>
     <span class='ocr_line' id='line_1_20' title="bbox 105 1389 1230 1442; baseline 0 -14"><span class='ocrx_word' id='word_1_123' title='bbox 105 1389 252 1437; x_wconf 72' lang='lat' dir='ltr'>Brute,</span> <span class='ocrx_word' id='word_1_124' title='bbox 278 1394 403 1429; x_wconf 86' lang='lat' dir='ltr'>tuum</span> <span class='ocrx_word' id='word_1_125' title='bbox 424 1390 441 1430; x_wconf 71' lang='grc' dir='ltr'><em>Ρ</em></span> <span class='ocrx_word' id='word_1_126' title='bbox 469 1390 595 1430; x_wconf 78' lang='lat' dir='ltr'>facile</span> <span class='ocrx_word' id='word_1_127' title='bbox 617 1395 681 1430; x_wconf 75' lang='lat' dir='ltr'>est</span> <span class='ocrx_word' id='word_1_128' title='bbox 703 1391 879 1430; x_wconf 85' lang='lat' dir='ltr'>barbato</span> <span class='ocrx_word' id='word_1_129' title='bbox 902 1391 1106 1442; x_wconf 86' lang='lat' dir='ltr'>inponere</span> <span class='ocrx_word' id='word_1_130' title='bbox 1128 1389 1230 1441; x_wconf 87' lang='lat' dir='ltr'>regi.</span> 
     </span>
     <span class='ocr_line' id='line_1_21' title="bbox 102 1455 1051 1507; baseline 0 -13"><span class='ocrx_word' id='word_1_131' title='bbox 102 1468 180 1494; x_wconf 89' lang='lat' dir='ltr'>nec</span> <span class='ocrx_word' id='word_1_132' title='bbox 203 1455 352 1494; x_wconf 91' lang='lat' dir='ltr'>melior</span> <span class='ocrx_word' id='word_1_133' title='bbox 374 1456 498 1495; x_wconf 86' lang='lat' dir='ltr'>vultu</span> <span class='ocrx_word' id='word_1_134' title='bbox 522 1456 715 1505; x_wconf 81' lang='lat' dir='ltr'>quamvis</span> <span class='ocrx_word' id='word_1_135' title='bbox 737 1455 939 1507; x_wconf 83' lang='lat' dir='ltr'>ignobilis</span> <span class='ocrx_word' id='word_1_136' title='bbox 962 1455 1051 1494; x_wconf 85' lang='lat' dir='ltr'>ibat</span> 
     </span>
     <span class='ocr_line' id='line_1_22' title="bbox 104 1519 1205 1572; baseline -0.001 -13"><span class='ocrx_word' id='word_1_137' title='bbox 104 1520 306 1567; x_wconf 87' lang='lat' dir='ltr'>Rubrius,</span> <span class='ocrx_word' id='word_1_138' title='bbox 332 1521 516 1560; x_wconf 81' lang='lat' dir='ltr'>offensae</span> <span class='ocrx_word' id='word_1_139' title='bbox 538 1521 693 1560; x_wconf 73' lang='lat' dir='ltr'>veteris</span> <span class='ocrx_word' id='word_1_140' title='bbox 715 1535 811 1560; x_wconf 87' lang='lat' dir='ltr'>reus</span> <span class='ocrx_word' id='word_1_141' title='bbox 833 1525 962 1572; x_wconf 85' lang='lat' dir='ltr'>atque</span> <span class='ocrx_word' id='word_1_142' title='bbox 985 1519 1205 1567; x_wconf 86' lang='lat' dir='ltr'>tacendae,</span> 
     </span>
     <span class='ocr_line' id='line_1_23' title="bbox 103 1585 1213 1638; baseline -0.001 -14"><span class='ocrx_word' id='word_1_143' title='bbox 103 1589 146 1624; x_wconf 88' lang='lat' dir='ltr'>et</span> <span class='ocrx_word' id='word_1_144' title='bbox 167 1588 310 1625; x_wconf 88' lang='lat' dir='ltr'>tamen</span> <span class='ocrx_word' id='word_1_145' title='bbox 334 1586 553 1638; x_wconf 85' lang='lat' dir='ltr'>inprobior</span> <span class='ocrx_word' id='word_1_146' title='bbox 574 1590 763 1625; x_wconf 76' lang='lat' dir='ltr'>saturam</span> <span class='ocrx_word' id='word_1_147' title='bbox 785 1586 998 1625; x_wconf 80' lang='lat' dir='ltr'>scribente</span> <span class='ocrx_word' id='word_1_148' title='bbox 1021 1585 1213 1624; x_wconf 87' lang='lat' dir='ltr'>cinaedo.</span> 
     </span>
     <span class='ocr_line' id='line_1_24' title="bbox 105 1650 1246 1704; baseline 0 -14"><span class='ocrx_word' id='word_1_149' title='bbox 105 1650 302 1690; x_wconf 81' lang='lat' dir='ltr'>Montani</span> <span class='ocrx_word' id='word_1_150' title='bbox 325 1665 495 1704; x_wconf 86' lang='lat' dir='ltr'>quoquc</span> <span class='ocrx_word' id='word_1_151' title='bbox 517 1654 666 1690; x_wconf 78' lang='lat' dir='ltr'>venter</span> <span class='ocrx_word' id='word_1_152' title='bbox 688 1651 809 1691; x_wconf 89' lang='lat' dir='ltr'>adest</span> <span class='ocrx_word' id='word_1_153' title='bbox 831 1651 1058 1690; x_wconf 86' lang='lat' dir='ltr'>abdomine</span> <span class='ocrx_word' id='word_1_154' title='bbox 1081 1650 1246 1698; x_wconf 85' lang='lat' dir='ltr'>tardus,</span> 
     </span>
     <span class='ocr_line' id='line_1_25' title="bbox 104 1716 998 1768; baseline -0.001 -12"><span class='ocrx_word' id='word_1_155' title='bbox 104 1720 146 1756; x_wconf 88' lang='lat' dir='ltr'>et</span> <span class='ocrx_word' id='word_1_156' title='bbox 164 1717 380 1756; x_wconf 89' lang='lat' dir='ltr'>matutino</span> <span class='ocrx_word' id='word_1_157' title='bbox 402 1717 560 1756; x_wconf 86' lang='lat' dir='ltr'>sudans</span> <span class='ocrx_word' id='word_1_158' title='bbox 585 1716 809 1768; x_wconf 86' lang='lat' dir='ltr'>Crispinus</span> <span class='ocrx_word' id='word_1_159' title='bbox 831 1729 998 1756; x_wconf 88' lang='lat' dir='ltr'>amomo</span> 
     </span>
    </p>

    <p class='ocr_par' dir='ltr' id='par_1_7' title="bbox 104 1780 1204 1900">
     <span class='ocr_line' id='line_1_26' title="bbox 104 1780 1204 1836; baseline -0.003 -14"><span class='ocrx_word' id='word_1_160' title='bbox 104 1786 314 1836; x_wconf 86' lang='lat' dir='ltr'>quantum</span> <span class='ocrx_word' id='word_1_161' title='bbox 338 1782 407 1821; x_wconf 78' lang='lat' dir='ltr'>vix</span> <span class='ocrx_word' id='word_1_162' title='bbox 429 1782 624 1821; x_wconf 87' lang='lat' dir='ltr'>redolent</span> <span class='ocrx_word' id='word_1_163' title='bbox 646 1782 731 1821; x_wconf 88' lang='lat' dir='ltr'>duo</span> <span class='ocrx_word' id='word_1_164' title='bbox 753 1782 921 1829; x_wconf 82' lang='lat' dir='ltr'>funera,</span> <span class='ocrx_word' id='word_1_165' title='bbox 946 1781 1109 1821; x_wconf 86' lang='lat' dir='ltr'>saevior</span> <span class='ocrx_word' id='word_1_166' title='bbox 1129 1780 1204 1820; x_wconf 91' lang='lat' dir='ltr'>illo</span> 
     </span>
     <span class='ocr_line' id='line_1_27' title="bbox 105 1847 1063 1900; baseline -0.003 -12"><span class='ocrx_word' id='word_1_167' title='bbox 105 1848 334 1900; x_wconf 88' lang='lat' dir='ltr'>Pompeius</span> <span class='ocrx_word' id='word_1_168' title='bbox 355 1847 476 1887; x_wconf 86' lang='lat' dir='ltr'>tenui</span> <span class='ocrx_word' id='word_1_169' title='bbox 499 1847 669 1899; x_wconf 85' lang='lat' dir='ltr'>iugulos</span> <span class='ocrx_word' id='word_1_170' title='bbox 690 1847 853 1899; x_wconf 87' lang='lat' dir='ltr'>aperire</span> <span class='ocrx_word' id='word_1_171' title='bbox 875 1860 1063 1894; x_wconf 86' lang='lat' dir='ltr'>susurro,</span> 
     </span>
    </p>

    <p class='ocr_par' dir='ltr' id='par_1_8' title="bbox 105 1911 1063 1966">
     <span class='ocr_line' id='line_1_28' title="bbox 105 1911 1063 1966; baseline -0.002 -13"><span class='ocrx_word' id='word_1_172' title='bbox 105 1916 147 1953; x_wconf 88' lang='lat' dir='ltr'>et</span> <span class='ocrx_word' id='word_1_173' title='bbox 168 1914 242 1966; x_wconf 90' lang='lat' dir='ltr'>qui</span> <span class='ocrx_word' id='word_1_174' title='bbox 263 1913 510 1952; x_wconf 84' lang='lat' dir='ltr'>vulturibus</span> <span class='ocrx_word' id='word_1_175' title='bbox 532 1913 728 1952; x_wconf 87' lang='lat' dir='ltr'>servabat</span> <span class='ocrx_word' id='word_1_176' title='bbox 753 1912 913 1951; x_wconf 83' lang='lat' dir='ltr'>viscera</span> <span class='ocrx_word' id='word_1_177' title='bbox 935 1911 1063 1951; x_wconf 91' lang='lat' dir='ltr'>Dacis</span> 
     </span>
    </p>

    <p class='ocr_par' dir='ltr' id='par_1_9' title="bbox 106 1976 1103 2030">
     <span class='ocr_line' id='line_1_29' title="bbox 106 1976 1103 2030; baseline -0.003 -12"><span class='ocrx_word' id='word_1_178' title='bbox 106 1978 270 2018; x_wconf 87' lang='lat' dir='ltr'>Fuscus</span> <span class='ocrx_word' id='word_1_179' title='bbox 291 1991 527 2017; x_wconf 88' lang='lat' dir='ltr'>marmorea</span> <span class='ocrx_word' id='word_1_180' title='bbox 549 1978 783 2017; x_wconf 87' lang='lat' dir='ltr'>meditatus</span> <span class='ocrx_word' id='word_1_181' title='bbox 806 1977 968 2030; x_wconf 88' lang='lat' dir='ltr'>proelia</span> <span class='ocrx_word' id='word_1_182' title='bbox 989 1976 1103 2024; x_wconf 84' lang='lat' dir='ltr'>villa,</span> 
     </span>
    </p>

    <p class='ocr_par' dir='ltr' id='par_1_10' title="bbox 105 2041 1130 2096">
     <span class='ocr_line' id='line_1_30' title="bbox 105 2041 1130 2096; baseline -0.004 -12"><span class='ocrx_word' id='word_1_183' title='bbox 105 2047 148 2084; x_wconf 87' lang='lat' dir='ltr'>et</span> <span class='ocrx_word' id='word_1_184' title='bbox 169 2057 267 2084; x_wconf 90' lang='lat' dir='ltr'>cum</span> <span class='ocrx_word' id='word_1_185' title='bbox 288 2043 512 2083; x_wconf 84' lang='lat' dir='ltr'>mortifero</span> <span class='ocrx_word' id='word_1_186' title='bbox 529 2043 718 2096; x_wconf 89' lang='lat' dir='ltr'>prudens</span> <span class='ocrx_word' id='word_1_187' title='bbox 736 2043 920 2082; x_wconf 75' lang='lat' dir='ltr'>Veiento</span> <span class='ocrx_word' id='word_1_188' title='bbox 944 2041 1130 2090; x_wconf 87' lang='lat' dir='ltr'>Catullo,</span> 
     </span>
    </p>

    <p class='ocr_par' dir='ltr' id='par_1_11' title="bbox 105 2107 1167 2162">
     <span class='ocr_line' id='line_1_31' title="bbox 105 2107 1167 2162; baseline -0.002 -14"><span class='ocrx_word' id='word_1_189' title='bbox 105 2109 178 2162; x_wconf 90' lang='lat' dir='ltr'>qui</span> <span class='ocrx_word' id='word_1_190' title='bbox 199 2122 436 2161; x_wconf 85' lang='lat' dir='ltr'>numquam</span> <span class='ocrx_word' id='word_1_191' title='bbox 458 2110 570 2148; x_wconf 81' lang='lat' dir='ltr'>visae</span> <span class='ocrx_word' id='word_1_192' title='bbox 592 2109 799 2161; x_wconf 85' lang='lat' dir='ltr'>flagrabat</span> <span class='ocrx_word' id='word_1_193' title='bbox 821 2120 963 2147; x_wconf 87' lang='lat' dir='ltr'>amore</span> <span class='ocrx_word' id='word_1_194' title='bbox 985 2107 1167 2159; x_wconf 89' lang='lat' dir='ltr'>puellae,</span> 
     </span>
    </p>
   </div>
   <div class='ocr_carea' id='block_1_3' title="bbox 1515 116 1566 157">
    <p class='ocr_par' dir='ltr' id='par_1_12' title="bbox 1515 116 1566 157">
     <span class='ocr_line' id='line_1_32' title="bbox 1515 116 1566 157; baseline 0 0"><span class='ocrx_word' id='word_1_195' title='bbox 1515 116 1566 157; x_wconf 86' lang='lat'>23</span> 
     </span>
    </p>
   </div>
   <div class='ocr_carea' id='block_1_4' title="bbox 1517 541 1570 581">
    <p class='ocr_par' dir='ltr' id='par_1_13' title="bbox 1517 541 1570 581">
     <span class='ocr_line' id='line_1_33' title="bbox 1517 541 1570 581; baseline 0.019 -1"><span class='ocrx_word' id='word_1_196' title='bbox 1517 541 1570 581; x_wconf 88' lang='lat'>90</span> 
     </span>
    </p>
   </div>
   <div class='ocr_carea' id='block_1_5' title="bbox 1518 869 1569 908">
    <p class='ocr_par' dir='ltr' id='par_1_14' title="bbox 1518 869 1569 908">
     <span class='ocr_line' id='line_1_34' title="bbox 1518 869 1569 908; baseline -0.02 0"><span class='ocrx_word' id='word_1_197' title='bbox 1518 869 1569 908; x_wconf 89' lang='lat'>95</span> 
     </span>
    </p>
   </div>
   <div class='ocr_carea' id='block_1_6' title="bbox 1494 1194 1571 1233">
    <p class='ocr_par' dir='ltr' id='par_1_15' title="bbox 1494 1194 1571 1233">
     <span class='ocr_line' id='line_1_35' title="bbox 1494 1194 1571 1233; baseline 0 0"><span class='ocrx_word' id='word_1_198' title='bbox 1494 1194 1571 1233; x_wconf 92' lang='grc'>100</span> 
     </span>
    </p>
   </div>
   <div class='ocr_carea' id='block_1_7' title="bbox 1491 1521 1570 1560">
    <p class='ocr_par' dir='ltr' id='par_1_16' title="bbox 1491 1521 1570 1560">
     <span class='ocr_line' id='line_1_36' title="bbox 1491 1521 1570 1560; baseline -0.013 0"><span class='ocrx_word' id='word_1_199' title='bbox 1491 1521 1570 1560; x_wconf 90' lang='grc'>105</span> 
     </span>
    </p>
   </div>
   <div class='ocr_carea' id='block_1_8' title="bbox 1495 1848 1572 1887">
    <p class='ocr_par' dir='ltr' id='par_1_17' title="bbox 1495 1848 1572 1887">
     <span class='ocr_line' id='line_1_37' title="bbox 1495 1848 1572 1887; baseline 0 -1"><span class='ocrx_word' id='word_1_200' title='bbox 1495 1848 1572 1887; x_wconf 91' lang='grc'>110</span> 
     </span>
    </p>
   </div>
   <div class='ocr_carea' id='block_1_9' title="bbox 104 2174 1572 2227">
    <p class='ocr_par' dir='ltr' id='par_1_18' title="bbox 104 2174 1572 2227">
     <span class='ocr_line' id='line_1_38' title="bbox 104 2174 1572 2227; baseline -0.002 -13"><span class='ocrx_word' id='word_1_201' title='bbox 104 2175 266 2227; x_wconf 83' lang='lat' dir='ltr'>grande</span> <span class='ocrx_word' id='word_1_202' title='bbox 283 2178 326 2214; x_wconf 87' lang='lat' dir='ltr'>et</span> <span class='ocrx_word' id='word_1_203' title='bbox 343 2174 624 2226; x_wconf 88' lang='lat' dir='ltr'>conspicuum</span> <span class='ocrx_word' id='word_1_204' title='bbox 642 2177 788 2214; x_wconf 87' lang='lat' dir='ltr'>nostro</span> <span class='ocrx_word' id='word_1_205' title='bbox 807 2186 977 2226; x_wconf 86' lang='lat' dir='ltr'>quoque</span> <span class='ocrx_word' id='word_1_206' title='bbox 994 2176 1186 2225; x_wconf 86' lang='lat' dir='ltr'>tempore</span> <span class='ocrx_word' id='word_1_207' title='bbox 1204 2174 1460 2220; x_wconf 86' lang='lat' dir='ltr'>monstrum,</span> <span class='ocrx_word' id='word_1_208' title='bbox 1495 2174 1572 2212; x_wconf 89' lang='lat'>115</span> 
     </span>
    </p>
   </div>
   <div class='ocr_carea' id='block_1_10' title="bbox 105 2237 1328 2487">
    <p class='ocr_par' dir='ltr' id='par_1_19' title="bbox 105 2237 1101 2292">
     <span class='ocr_line' id='line_1_39' title="bbox 105 2237 1101 2292; baseline -0.003 -12"><span class='ocrx_word' id='word_1_209' title='bbox 105 2252 255 2280; x_wconf 84' lang='lat' dir='ltr'>caecus</span> <span class='ocrx_word' id='word_1_210' title='bbox 276 2239 474 2279; x_wconf 86' lang='lat' dir='ltr'>adulator</span> <span class='ocrx_word' id='word_1_211' title='bbox 495 2239 699 2292; x_wconf 89' lang='lat' dir='ltr'>dirusque</span> <span class='ocrx_word' id='word_1_212' title='bbox 720 2253 743 2279; x_wconf 85' lang='lat' dir='ltr'>a</span> <span class='ocrx_word' id='word_1_213' title='bbox 765 2243 896 2291; x_wconf 88' lang='lat' dir='ltr'>ponte</span> <span class='ocrx_word' id='word_1_214' title='bbox 918 2237 1101 2285; x_wconf 86' lang='lat' dir='ltr'>satelles,</span> 
     </span>
    </p>

    <p class='ocr_par' dir='ltr' id='par_1_20' title="bbox 105 2303 1058 2358">
     <span class='ocr_line' id='line_1_40' title="bbox 105 2303 1058 2358; baseline -0.002 -14"><span class='ocrx_word' id='word_1_215' title='bbox 105 2305 262 2358; x_wconf 86' lang='lat' dir='ltr'>dignus</span> <span class='ocrx_word' id='word_1_216' title='bbox 284 2303 482 2344; x_wconf 90' lang='lat' dir='ltr'>Aricinos</span> <span class='ocrx_word' id='word_1_217' title='bbox 503 2305 576 2357; x_wconf 89' lang='lat' dir='ltr'>qui</span> <span class='ocrx_word' id='word_1_218' title='bbox 599 2304 863 2344; x_wconf 87' lang='lat' dir='ltr'>mendicaret</span> <span class='ocrx_word' id='word_1_219' title='bbox 885 2303 938 2343; x_wconf 89' lang='lat' dir='ltr'>ad</span> <span class='ocrx_word' id='word_1_220' title='bbox 959 2316 1058 2343; x_wconf 82' lang='lat' dir='ltr'>axes</span> 
     </span>
    </p>

    <p class='ocr_par' dir='ltr' id='par_1_21' title="bbox 105 2368 1065 2422">
     <span class='ocr_line' id='line_1_41' title="bbox 105 2368 1065 2422; baseline -0.002 -13"><span class='ocrx_word' id='word_1_221' title='bbox 105 2369 349 2422; x_wconf 83' lang='lat' dir='ltr'>blandaque</span> <span class='ocrx_word' id='word_1_222' title='bbox 372 2369 556 2409; x_wconf 84' lang='lat' dir='ltr'>devexae</span> <span class='ocrx_word' id='word_1_223' title='bbox 578 2369 758 2408; x_wconf 87' lang='lat' dir='ltr'>iactaret</span> <span class='ocrx_word' id='word_1_224' title='bbox 776 2368 892 2408; x_wconf 85' lang='lat' dir='ltr'>basia</span> <span class='ocrx_word' id='word_1_225' title='bbox 913 2368 1065 2408; x_wconf 86' lang='lat' dir='ltr'>raedae</span> 
     </span>
    </p>

    <p class='ocr_par' dir='ltr' id='par_1_22' title="bbox 106 2433 1328 2487">
     <span class='ocr_line' id='line_1_42' title="bbox 106 2433 1328 2487; baseline -0.002 -12"><span class='ocrx_word' id='word_1_226' title='bbox 106 2447 232 2475; x_wconf 86' lang='lat' dir='ltr'>nemo</span> <span class='ocrx_word' id='word_1_227' title='bbox 253 2433 388 2487; x_wconf 88' lang='lat' dir='ltr'>magis</span> <span class='ocrx_word' id='word_1_228' title='bbox 410 2434 638 2474; x_wconf 86' lang='lat' dir='ltr'>rhombum</span> <span class='ocrx_word' id='word_1_229' title='bbox 659 2434 829 2486; x_wconf 88' lang='lat' dir='ltr'>stupuit</span> <span class='ocrx_word' id='word_1_230' title='bbox 849 2448 858 2483; x_wconf 92' lang='lat'>;</span> <span class='ocrx_word' id='word_1_231' title='bbox 890 2447 989 2473; x_wconf 84' lang='lat' dir='ltr'>nam</span> <span class='ocrx_word' id='word_1_232' title='bbox 1010 2433 1196 2486; x_wconf 88' lang='lat' dir='ltr'>plurima</span> <span class='ocrx_word' id='word_1_233' title='bbox 1217 2433 1328 2473; x_wconf 84' lang='lat' dir='ltr'>dixit</span> 
     </span>
    </p>
   </div>
  </div>
 </body>
</html>
