1778 2693
202 134 229 174 6
685 145 724 173 1).
762 146 889 174 1vN11
923 146 1176 176 IVVENALIS

202 257 374 284 securus
394 244 496 284 licet
517 244 692 284 Aenean
715 245 1012 297 Rutulumque
1033 246 1219 286 ferocem

202 309 458 356 committas,
484 309 591 347 nulli
613 309 752 361 gravis
774 313 836 348 est
858 322 1082 361 percussus
1104 310 1293 350 Achilles

201 380 275 412 aut
298 373 484 412 multum
507 373 724 425 quaesitus
747 373 880 425 Hylas
904 387 1140 426 urnamque
1161 379 1333 415 secutus
1354 390 1363 415 ε

202 451 298 477 ense
321 438 437 477 velut
460 438 609 477 stricto
632 438 831 490 quotiens
853 438 1046 478 Lucilius
1068 440 1219 479 ardens

202 503 441 551 infremuit,
467 503 589 542 rubet
612 503 784 542 auditor
806 503 874 542 cui
897 503 1058 555 frigida
1079 517 1197 544 mens
1220 507 1283 544 est

202 567 465 615 criminibus,
491 567 622 606 tacita
644 567 799 607 sudant
822 568 1068 620 praecordia
1089 569 1226 621 culpa.

202 632 299 671 inde
321 632 405 671 irae
427 638 469 671 et
489 632 700 671 lacrimae.
765 636 906 671 tecum
930 633 1048 684 prius
1070 646 1168 685 ergo
1191 634 1338 673 voluta

201 696 303 736 haec
325 697 466 736 animo
489 705 588 736 ante
613 697 735 736 tubas
754 711 764 746 3
794 697 1011 748 galeatum
1034 711 1124 737 sero
1146 698 1278 737 duelli

202 761 423 813 paenitet.’
481 761 673 813 experiar
696 762 798 813 quid
823 762 1084 801 concedatur
1106 762 1147 801 in
1171 763 1265 802 illos

201 838 383 877 quorum
406 825 616 865 Flaminia
638 826 800 877 tegitur
821 826 927 865 cinis
948 830 1076 878 atque
1094 826 1266 876 Latina.

802 988 998 1022 SATVRA
1023 988 1058 1021 ΙΙ

200 1086 327 1125 Vltra
349 1085 620 1126 Sauromatas
642 1086 792 1137 fugere
814 1086 914 1125 hinc
935 1086 1041 1125 libet
1063 1089 1106 1125 et
1126 1087 1348 1138 glacialem

203 1150 435 1198 Oceanum,
461 1151 658 1202 quotiens
680 1150 842 1203 aliquid
865 1151 916 1189 de
938 1151 1126 1191 moribus
1148 1152 1308 1191 audent

202 1216 274 1268 qui
298 1215 448 1254 Curios
470 1215 672 1254 simulant
695 1219 736 1254 et
760 1215 1043 1255 Bacchanalia
1064 1216 1228 1255 vivunt.

202 1280 364 1320 indocti
386 1280 586 1332 primum,
612 1294 870 1332 quamquam
891 1281 1016 1332 plena
1037 1281 1180 1320 omnia
1200 1294 1332 1333 gypso

204 1345 430 1397 Chrysippi
453 1345 642 1384 invenias
663 1359 673 1394 3
704 1359 802 1384 nam
823 1345 1160 1397 perfectissimus
1181 1345 1350 1394 horum,

202 1410 235 1449 si
258 1410 352 1462 quis
375 1410 638 1449 Aristotelen
661 1410 843 1449 similem
865 1410 929 1449 vel
954 1410 1150 1450 Pittacon
1175 1411 1278 1450 emit

202 1480 244 1515 et
266 1475 384 1514 iubet
406 1475 659 1527 archetypos
682 1475 880 1527 pluteum
902 1488 1066 1514 servare
1090 1475 1332 1515 Cleanthas.

202 1540 358 1579 frontis
380 1540 497 1578 nulla
519 1540 621 1579 fides
644 1554 653 1589 3
684 1540 778 1592 quis
801 1540 914 1578 enim
936 1553 1023 1579 non
1044 1540 1163 1580 vicus
1184 1540 1376 1579 abundat

202 1604 398 1643 tristibus
421 1604 638 1643 obscaenis
662 1604 679 1644 :2
735 1604 917 1656 castigas
940 1604 1097 1656 turpia,
1123 1618 1219 1644 cum
1242 1605 1297 1644 sis

203 1669 315 1708 inter
338 1668 575 1709 Socraticos
597 1668 819 1708 notissima
840 1669 953 1708 fossa
975 1669 1172 1709 cinaedos
1192 1669 1209 1709 Ρ

203 1734 371 1785 hispida
392 1734 581 1772 membra-
602 1733 775 1785 quidem
797 1737 839 1772 et
861 1734 992 1772 durae
1013 1747 1088 1785 per
1108 1733 1307 1773 bracchia
1326 1736 1465 1773 saetae

202 1798 465 1850 promittunt
487 1802 670 1837 atrocem
696 1797 902 1845 animum,
928 1798 1000 1836 sed
1020 1797 1171 1850 podice
1192 1797 1275 1837 levi

204 1863 443 1902 caeduntur
464 1862 654 1901 tumidae
676 1861 840 1901 medico
862 1862 1030 1901 ridente
1051 1862 1266 1902 mariscae.

204 1940 322 1966 rarus
344 1940 480 1966 sermo
502 1927 585 1966 illis
607 1931 649 1966 et
670 1939 825 1979 magna
844 1926 978 1966 libido
998 1926 1169 1966 tacendi

204 1998 331 2043 atque
353 1991 580 2043 supercilio
602 1991 766 2031 brevior
788 2004 919 2031 coma.
981 1991 1121 2030 verius
1142 2004 1240 2044 ergo

205 2059 247 2095 et
268 2056 401 2107 magis
423 2056 607 2108 ingenue
631 2056 895 2095 Peribomius
913 2070 923 2105 3
954 2055 1068 2095 hunc
1091 2069 1167 2108 ego
1188 2055 1290 2096 fatis

206 2120 372 2172 inputo,
399 2120 471 2172 qui
494 2121 617 2159 vultu
641 2121 836 2160 morbum
860 2120 1111 2172 incessuque
1133 2121 1309 2160 fatetur.

205 2184 359 2223 horum
381 2184 634 2236 simplicitas
659 2185 921 2232 miserabilis,
947 2185 1012 2224 his
1033 2185 1154 2224 furor
1174 2184 1263 2236 ipse

206 2249 279 2288 dat
302 2249 468 2288 veniam
490 2263 499 2299 3
531 2250 603 2288 sed
624 2250 801 2301 peiores,
827 2249 899 2301 qui
922 2249 1025 2288 talia
1043 2249 1181 2288 verbis

208 2313 406 2352 Herculis
428 2313 639 2352 invadunt
661 2318 703 2353 et
725 2314 776 2353 de
798 2314 959 2352 virtute
979 2313 1112 2353 locuti

207 2378 377 2417 clunem
399 2378 579 2429 agitant.
645 2382 656 2398 ‘
671 2391 748 2430 ego
769 2383 811 2417 te
834 2380 1069 2425 ceventem,
1095 2377 1236 2426 Sexte,
1259 2377 1434 2417 verebor
1452 2376 1495 2417 ?'

208 2442 381 2482 infamis
405 2442 592 2482 Varillus
614 2442 674 2482 ait
700 2447 710 2463 ‘
725 2456 808 2495 quo
830 2442 1016 2483 deterior
1036 2445 1078 2482 te
1099 2442 1116 2482 Ρ

1580 443 1656 481 165

1582 764 1658 803 170

1612 1670 1662 1708 10

1614 1993 1662 2030 15

1613 2315 1665 2352 20
