1778 2693
203 125 252 165 88
685 129 724 157 D.
761 128 886 157 IVNII
918 125 1170 156 IVVENALIS

200 232 543 286 spargendusque
564 243 691 278 mero,
717 241 841 280 quem
863 227 945 267 iam
967 227 1101 279 pudet
1121 226 1248 266 ubera
1267 224 1412 265 matris

199 299 364 344 ducere,
391 297 462 348 qui
485 299 606 335 vexat
627 293 813 334 nascenti
836 292 982 332 robora
1002 305 1145 332 cornu.

200 363 231 402 si
255 376 316 402 res
336 361 473 413 ampla
495 360 606 399 domi
629 358 859 409 similisque
881 357 1117 397 adfectibus
1136 358 1255 403 esset,

201 427 399 479 pinguior
422 424 619 476 Hispulla
642 423 876 462 traheretur
899 426 1044 462 taurus
1064 424 1106 461 et
1126 421 1215 473 ipsa

202 492 308 531 mole
330 491 459 543 piger,
486 503 561 528 nec
585 488 765 527 finitima
786 488 976 526 nutritus
997 487 1040 525 in
1061 486 1202 533 herba,

202 558 307 596 laeta
328 556 397 594 sed
420 555 641 594 ostendens
664 552 872 593 Clitumni
894 565 1046 604 pascua
1065 550 1234 602 sanguis

203 621 281 659 iret
300 625 341 659 et
362 633 384 659 a
405 619 554 670 grandi
576 618 715 658 cervix
736 617 925 657 ferienda
946 615 1139 655 ministro

202 686 252 725 ob
274 685 458 724 reditum
480 683 734 735 trepidantis
753 681 891 721 adhuc
912 681 1202 731 horrendaque
1221 677 1329 731 passi

201 763 336 801 nuper
356 753 397 788 et
419 748 671 787 incolumem
694 760 777 786 sese
798 745 990 785 mirantis
1011 744 1149 785 amici.

202 828 299 854 nam
320 818 485 866 praeter
505 812 641 865 pelagi
663 825 780 851 casus
800 815 842 851 et
862 810 1056 850 fulminis
1076 809 1185 848 ictus

203 879 344 919 evasit.
407 879 557 917 densae
578 878 740 917 caelum
761 876 1012 916 abscondere
1033 875 1226 914 tenebrae

203 944 313 983 nube
334 957 419 983 una
439 943 686 994 subitusque
706 944 924 981 antemnas
945 940 1104 992 inpulit
1123 939 1247 990 ignis,

203 1022 299 1048 cum
320 1021 361 1047 se
384 1007 559 1059 quisque
580 1007 652 1046 illo
673 1019 916 1058 percussum
937 1005 1124 1044 crederet
1143 1009 1185 1043 et
1205 1016 1302 1042 mox

203 1073 410 1113 attonitus
431 1072 598 1111 nullum
619 1070 800 1110 conferri
822 1083 938 1122 posse
959 1071 1128 1122 putaret

205 1137 474 1188 naufragium
496 1136 597 1175 velis
618 1135 874 1175 ardentibus.
936 1134 1076 1174 omnia
1097 1134 1208 1172 fiunt

204 1203 304 1242 talia
326 1205 410 1241 tam
431 1201 626 1252 graviter,
651 1200 683 1240 si
706 1200 872 1252 quando
893 1199 1055 1251 poetica
1074 1198 1210 1249 surgit

206 1269 442 1319 tempestas.
502 1279 634 1317 genus
654 1278 746 1304 ecce
766 1264 881 1304 aliud
903 1263 1158 1303 discriminis
1178 1262 1276 1302 audi

204 1335 246 1372 et
267 1332 459 1372 miserere
480 1332 650 1379 iterum,
677 1344 932 1383 quamquam
954 1330 1039 1369 sint
1059 1331 1194 1368 cetera
1215 1327 1337 1367 sortis

205 1397 390 1437 eiusdem
412 1411 520 1449 pars,
545 1396 637 1436 dira
658 1396 828 1448 quidem
850 1395 919 1434 sed
941 1394 1111 1446 cognita
1130 1392 1276 1431 multis

205 1465 247 1502 et
269 1476 395 1514 quam
415 1462 555 1501 votiva
574 1464 786 1501 testantur
805 1461 905 1500 fana
925 1459 1078 1499 tabella

207 1527 408 1579 plurima3
440 1526 621 1579 pictores
642 1526 735 1577 quis
756 1525 890 1564 nescit
911 1525 962 1564 ab
983 1523 1093 1563 Iside
1113 1522 1260 1575 pasci?

207 1592 360 1631 accidit
381 1594 422 1631 et
443 1595 584 1631 nostro
606 1590 755 1630 similis
775 1590 949 1629 fortuna
972 1587 1153 1628 Catullo.

207 1670 304 1697 cum
324 1657 475 1709 plenus
495 1656 628 1695 fluctu
650 1655 813 1695 medius
833 1655 942 1694 foret
962 1653 1103 1693 alveus
1123 1655 1166 1692 et
1185 1652 1268 1691 iam

207 1722 420 1762 alternum
441 1720 596 1774 puppis
615 1720 727 1760 latus
747 1718 1031 1759 evertentibus
1051 1717 1176 1757 undis

207 1786 365 1826 arboris
386 1786 582 1833 incertae,
607 1785 769 1824 nullam
790 1783 1018 1836 prudentia
1037 1781 1131 1822 cani

208 1851 379 1891 rectoris
400 1864 497 1891 cum
517 1851 647 1890 ferret
667 1863 802 1902 opem,
827 1848 1016 1888 decidere
1036 1847 1148 1886 iactu

208 1916 346 1969 coepit
365 1929 462 1956 cum
483 1915 634 1963 ventis,
658 1914 850 1954 imitatus
870 1915 1029 1953 castora
1049 1911 1119 1963 qui
1142 1923 1183 1950 se

209 1981 454 2021 eunuchum
474 1980 562 2032 ipse
583 1979 686 2019 facit
706 1979 880 2031 cupiens
900 1977 1072 2018 evadere
1093 1976 1247 2016 damno

210 2045 414 2094 testiculi3
445 2046 546 2085 adeo
568 2044 825 2084 medicatum
845 2042 1057 2093 intellegit
1076 2041 1248 2093 inguen.

214 2110 408 2149 ‘fundite
430 2123 535 2161 quae
556 2122 650 2149 mea
669 2111 770 2148 sunt
785 2108 795 2126 ³
818 2107 984 2147 dicebat
1008 2106 1017 2124 ‘
1033 2108 1186 2146 cuncta
1200 2105 1211 2123 ⁹
1236 2103 1428 2145 Catullus

211 2174 485 2227 praecipitare
506 2174 647 2214 volens
667 2173 794 2213 etiam
816 2171 1113 2224 pulcherrima,
1139 2172 1293 2209 vestem

212 2252 466 2292 purpuream
490 2239 644 2278 teneris
665 2251 831 2290 quoque
854 2236 1167 2276 Maecenatibus
1186 2237 1342 2287 aptam,

212 2307 338 2355 atque
359 2304 459 2343 alias
481 2317 660 2355 quarum
680 2302 867 2355 generosi
889 2301 1093 2354 graminis
1113 2300 1252 2353 ipsum

212 2368 362 2408 infecit
381 2371 533 2408 natura
552 2382 692 2420 pecus,
717 2368 787 2407 sed
808 2369 850 2407 et
869 2365 1060 2419 egregius
1079 2365 1175 2405 fons

212 2433 372 2474 viribus
392 2432 569 2473 occultis
588 2434 631 2473 et
651 2432 846 2472 Baeticus
865 2431 1038 2472 adiuvat
1055 2443 1137 2470 aer.

1609 354 1657 393 10

1609 678 1658 717 15

1609 1003 1660 1042 20

1611 1327 1661 1366 25

1612 1651 1663 1690 30

1614 1976 1664 2014 35

1613 2299 1666 2339 40
