1778 2693
699 116 876 145 SATVRA
908 116 989 145 XIV
1502 117 1571 147 101

110 217 223 257 unde
244 216 322 256 tibi
343 217 529 257 frontem
550 217 872 269 libertatemque
888 217 1089 269 parentis,

109 294 207 321 cum
228 282 355 322 facias
375 282 516 335 peiora
537 295 662 322 senex
683 295 949 334 vacuumque
970 282 1136 322 cerebro

54 343 66 353 ⁴
89 345 191 386 *iam
212 347 375 400 pridem
397 350 526 399 caput
545 347 623 386 hoc
647 350 817 387 ventosa
837 347 1058 387 cucurbita
1079 348 1284 399 quaerat?

161 412 325 464 hospite
347 415 526 452 venturo
546 413 721 452 cessabit
742 426 865 452 nemo
888 416 1074 452 tuorum.

109 476 120 495 ‘
135 490 252 517 verre
272 477 578 530 pavimentum,
606 478 762 517 nitidas
783 478 955 517 ostende
976 478 1206 525 columnas,
1525 481 1575 517 60

105 542 222 582 arida
242 556 339 582 cum
362 546 449 582 tota
470 544 697 583 descendat
717 557 866 583 aranea
889 544 989 592 tela3

105 607 174 647 hic
194 607 282 647 leve
303 611 542 660 argentum,
568 622 663 648 vasa
683 622 826 661 aspera
849 611 1011 660 tergeat
1031 609 1137 648 alter
1153 609 1162 626 ’

105 685 184 711 vox
205 672 368 712 domini
390 672 498 712 furit
520 673 718 712 instantis
739 673 986 725 virgamque
1008 674 1207 713 tenentis.

104 749 203 787 ergo
224 737 351 776 miser
374 738 571 790 trepidas,
599 751 648 778 ne
669 741 850 778 stercore
871 739 994 778 foeda
1015 739 1165 778 canino

105 802 213 842 atria
233 803 484 855 displiceant
505 803 637 843 oculis
658 804 866 843 venientis
885 804 1024 852 amici,
1523 808 1573 845 65

106 880 158 907 ne
179 868 350 920 perfusa
369 868 462 908 luto
481 868 536 907 sit
556 869 758 920 porticus,
782 872 823 908 et
844 872 986 908 tamen
1008 882 1094 909 uno

106 933 290 972 semodio
311 933 444 973 scobis
464 933 566 973 haec
586 934 784 973 emendat
805 934 998 974 servulus
1018 948 1149 974 unus:

106 997 213 1037 illud
235 1011 319 1037 non
341 998 488 1049 agitas,
514 1002 563 1038 ut
583 1002 771 1038 sanctam
793 999 906 1039 filius
926 999 1042 1039 omni

103 1062 278 1114 aspiciat
298 1062 387 1102 sine
408 1063 500 1103 labe
520 1064 696 1103 domum
717 1064 905 1116 vitioque
928 1067 1140 1105 carentem
1156 1067 1174 1104 ἶ)

104 1130 274 1180 gratum
295 1131 357 1168 est
378 1129 487 1181 quod
511 1129 671 1181 patriae
692 1129 825 1169 civem
847 1130 1088 1183 populoque
1110 1131 1278 1178 dedisti,
1523 1135 1572 1173 70

105 1192 138 1232 si
160 1193 264 1233 facis
284 1195 333 1233 ut
353 1193 490 1246 patria
510 1194 565 1234 sit
586 1194 776 1243 idoneus,
802 1195 921 1235 utilis
941 1195 1066 1247 agris,

105 1257 224 1298 utilis
243 1261 285 1298 et
304 1258 510 1299 bellorum
531 1262 573 1299 et
593 1260 706 1312 pacis
726 1260 850 1300 rebus
869 1261 1057 1313 agendis.

101 1323 337 1376 plurimum
358 1324 471 1363 enim
493 1324 686 1365 intererit
706 1326 860 1378 quibus
881 1326 1043 1366 artibus
1063 1330 1105 1366 et
1126 1327 1278 1379 quibus
1298 1327 1413 1367 hunc
1434 1331 1481 1366 tu

103 1389 291 1429 moribus
311 1389 522 1429 instituas.
583 1394 774 1443 serpente
795 1391 955 1431 ciconia
976 1392 1115 1444 pullos

103 1454 243 1494 nutrit
262 1457 305 1494 et
325 1454 496 1494 inventa
517 1469 590 1508 per
611 1455 731 1495 devia
751 1469 848 1496 rura
869 1457 1044 1496 lacerta:
1522 1461 1570 1501 75

102 1519 165 1559 illi
186 1519 330 1560 eadem
351 1521 531 1573 sumptis
553 1524 763 1573 quaerunt
783 1522 983 1562 animalia
1003 1522 1158 1575 pinnis.

105 1585 250 1624 vultur
270 1585 460 1625 iumento
480 1589 522 1625 et
543 1586 717 1626 canibus
737 1587 1016 1639 crucibusque
1037 1588 1194 1628 relictis

102 1650 155 1690 ad
174 1650 288 1690 fetus
308 1654 504 1703 properat
525 1657 774 1704 partemque
795 1652 1006 1692 cadaveris
1027 1654 1185 1693 adfert:

101 1715 171 1755 hic
191 1718 253 1755 est
272 1729 370 1768 ergo
390 1716 507 1756 cibus
529 1717 670 1768 magni
693 1730 859 1769 quoque
879 1718 1063 1758 vulturis
1083 1722 1125 1758 et
1145 1732 1186 1759 se

99 1781 323 1833 pascentis,
349 1781 517 1834 propria
537 1795 635 1821 cum
657 1782 740 1822 iam
761 1783 866 1822 facit
886 1783 1031 1823 arbore
1052 1783 1185 1824 nidos.
1518 1788 1569 1826 80

100 1846 171 1886 sed
193 1846 376 1899 leporem
397 1850 472 1886 aut
492 1860 683 1900 capream
705 1848 889 1888 famulae
911 1848 1022 1888 Iovis
1042 1852 1084 1889 et
1104 1863 1325 1901 generosae

100 1910 145 1950 in
165 1911 275 1951 saltu
297 1914 507 1951 venantur
527 1926 635 1960 aves,
660 1913 759 1953 hinc
779 1914 934 1966 praeda
954 1914 1083 1954 cubili

99 1976 295 2029 ponitur:
327 1976 424 2017 inde
444 1980 587 2017 autem
608 1990 705 2018 cum
727 1992 769 2018 se
790 1982 958 2019 matura
978 1979 1129 2019 levarit

99 2041 333 2094 progenies,
357 2041 607 2083 stimulante
627 2043 739 2083 fame
760 2044 936 2084 festinat
956 2045 1004 2084 ad
1031 2044 1145 2084 illam

100 2119 227 2159 quam
246 2107 434 2160 primum
455 2109 654 2161 praedam
675 2112 802 2162 rupto
822 2113 1067 2162 gustaverat
1087 2124 1178 2151 ovo.
1517 2116 1567 2154 85

152 2172 394 2213 aedificator
413 2177 503 2213 erat
525 2174 750 2214 Cretonius
771 2178 813 2215 et
834 2176 957 2215 modo
979 2189 1108 2215 curvo

99 2237 221 2277 litore
243 2238 424 2287 Caietae,
448 2253 613 2279 summa
634 2253 749 2280 nunc
771 2241 942 2280 Tiburis·
963 2255 1070 2289 arce,

99 2316 214 2342 nunc
236 2304 518 2344 Praenestinis
539 2305 582 2344 in
605 2306 822 2345 montibus
842 2306 927 2346 alta
947 2307 1120 2358 parabat

98 2368 286 2408 culmina
307 2369 502 2409 villarum
525 2370 694 2411 Graecis
715 2371 922 2423 longeque
943 2372 1088 2424 petitis

99 2433 379 2474 marmoribus
400 2434 573 2475 vincens
594 2435 807 2477 Fortunae
827 2439 954 2490 atque
976 2437 1174 2478 Herculis
1193 2440 1352 2488 aedem,
1517 2444 1567 2481 90
