1778 2693
759 112 937 140 SATVRA
968 111 1028 140 XV

156 227 180 254 a
199 227 324 266 grege
346 215 578 260 mutorum,
602 216 730 265 atque
750 213 844 253 ideo
865 213 1099 253 venerabile
1121 212 1197 253 soli

156 278 294 318 sortiti
317 278 537 330 ingenium
559 278 888 330 divinorumque
908 291 1077 330 capaces

155 347 282 395 atque
303 343 545 383 exercendis
566 343 865 395 pariendisque
886 343 1046 383 artibus
1067 343 1155 395 apti

155 422 323 449 sensum
345 422 368 448 a
388 408 553 448 caelesti
576 408 805 448 demissum
830 408 1035 448 traximus
1055 422 1162 456 arce,

155 474 276 514 cuius
296 476 422 525 egent
442 487 575 526 prona
595 476 636 512 et
658 476 811 512 terram
835 473 1081 526 spectantia.
1142 474 1292 513 mundi

154 539 363 592 principio
384 538 563 578 indulsit
583 539 820 578 communis
841 539 1033 578 conditor
1055 539 1138 578 illis

154 606 321 643 tantum
343 603 518 651 animas,
543 603 663 643 nobis
683 604 875 643 animum
898 617 1078 655 quoque,
1104 607 1279 643 mutuus
1300 607 1348 643 ut
1371 617 1445 644 nos

152 669 347 709 adfectus
368 674 510 722 petere
530 669 737 708 auxilium
760 672 802 708 et
822 672 1035 721 praestare
1058 669 1236 717 iuberet,

152 734 359 787 dispersos
378 734 543 774 trahere
565 735 608 773 in
630 735 852 787 populum,
878 734 1058 786 migrare
1082 736 1246 774 vetusto

153 800 204 839 de
224 813 393 840 nemore
414 801 456 839 et
475 800 641 852 proavis
661 799 869 839 habitatas
890 800 1082 851 linquere
1103 799 1242 847 silvas,

152 864 369 905 aedificare
390 865 549 913 domos,
574 865 731 904 laribus
751 865 1007 917 coniungere
1028 865 1182 905 nostris

151 932 314 970 tectum
334 930 465 978 aliud,
491 933 606 970 tutos
627 930 765 970 vicino
786 930 935 970 limine
956 943 1123 970 somnos

151 997 201 1034 ut
220 995 372 1034 collata
392 995 510 1034 daret
532 995 700 1042 fiducia,
724 998 943 1047 protegere
964 995 1092 1034 armis

150 1059 316 1112 lapsum
337 1063 411 1100 aut
432 1059 595 1112 ingenti
619 1063 844 1099 nutantem
868 1060 1040 1100 vulnere
1060 1060 1209 1108 civem,

150 1126 364 1166 communi
388 1126 485 1166 dare
507 1126 625 1178 signa
647 1126 764 1174 tuba,
789 1125 1009 1165 defendier
1030 1126 1162 1165 isdem

151 1192 339 1231 turribus
359 1197 486 1243 atque
510 1205 593 1230 una
614 1198 831 1243 portarum
855 1191 968 1231 clave
993 1191 1140 1231 teneri.

150 1257 219 1296 sed
242 1256 325 1296 iam
346 1260 590 1308 serpentum
613 1256 744 1296 maior
765 1256 1001 1304 concordia,
1027 1256 1163 1309 parcit

149 1322 339 1374 cognatis
360 1321 536 1361 maculis
557 1321 707 1361 similis
727 1322 830 1369 fera,
856 1322 1025 1373 quando
1046 1321 1157 1361 leoni

149 1387 301 1428 fortior
321 1388 479 1440 eripuit
499 1388 629 1427 vitam
651 1388 748 1427 leo‘?
806 1401 888 1439 quo
911 1400 1078 1427 nemore
1101 1400 1305 1439 umquam

149 1452 357 1505 expiravit
378 1466 476 1505 aper
498 1452 664 1492 maioris
686 1453 886 1492 dentibus
906 1452 995 1504 apri
1013 1453 1030 1491 Ῥ

149 1518 298 1558 Indica
318 1518 440 1570 tigris
460 1518 547 1569 agit
568 1517 712 1557 rabida
732 1531 830 1557 cum
852 1517 1005 1569 tigride
1026 1531 1170 1570 pacem

148 1586 413 1636 perpetuam,
441 1583 572 1623 saevis
593 1583 705 1622 inter
726 1596 767 1622 se
789 1582 987 1622 convenit
1008 1583 1130 1622 ursis.

148 1651 212 1689 ast
232 1648 395 1689 homini
416 1649 579 1688 ferrum
602 1648 724 1688 letale
746 1648 899 1688 incude
922 1648 1107 1687 nefanda

148 1714 394 1767 produxisse
416 1727 567 1767 parum
590 1716 666 1761 est,
691 1727 787 1753 cum
810 1716 942 1753 rastra
962 1717 1004 1753 et
1024 1713 1185 1753 sarcula
1209 1716 1376 1753 tantum

147 1779 311 1819 adsueti
332 1793 510 1831 coquere
531 1782 574 1820 et
594 1779 744 1819 marris
764 1792 811 1819 ac
832 1792 998 1819 vomere
1019 1779 1114 1818 lassi

148 1844 374 1885 nescierint
394 1844 520 1897 primi
542 1845 703 1896 gladios
723 1845 951 1884 extendere
973 1844 1094 1884 fabri.

147 1910 376 1962 aspicimus
396 1910 575 1962 populos
597 1924 778 1962 quorum
803 1923 885 1949 nou
907 1909 1063 1949 sufficit
1083 1909 1168 1950 irae

148 1975 346 2016 occidisse
367 1975 566 2027 aliquem,
591 1976 661 2016 sed
683 1978 852 2028 pectora
873 1975 1067 2015 bracchia
1087 1976 1249 2015 voltum

148 2040 406 2080 crediderint
426 2054 558 2093 genus
578 2054 662 2081 esse
683 2040 779 2081 cibi.
841 2040 942 2092 quid
966 2040 1122 2080 (liceret
1143 2053 1241 2092 ergo

148 2105 212 2145 vel
236 2118 318 2158 quo
339 2119 424 2146 non
444 2106 625 2157 fugeret,
650 2106 682 2146 si
705 2119 819 2145 nuuc
840 2105 941 2145 haec
965 2108 1150 2144 monstra
1171 2105 1331 2145 videret

151 2171 422 2223 Pythagoras,
446 2171 610 2211 cunctis
631 2171 883 2211 animalibus
904 2170 1111 2210 abstinuit
1132 2170 1202 2222 qui

150 2239 366 2287 tamquam
388 2236 559 2276 homine
581 2239 624 2275 et
646 2235 782 2276 ventri
805 2235 984 2275 indulsit
1006 2249 1089 2275 non
1110 2249 1233 2275 omne
1254 2236 1450 2288 legumen
1466 2237 1485 2275 Ρ

320 2313 343 2346 8

1549 115 1624 155 113

1549 346 1624 383 145

1546 672 1623 709 150

1545 1324 1620 1361 160

1543 1651 1618 1688 165

1543 1976 1618 2016 170
