1778 2693
709 131 885 159 SATVRA
918 131 945 158 V
1507 132 1558 174 25

704 264 896 297 SA'l'VuA
928 265 956 295 V

97 360 139 401 Si
163 366 204 401 te
225 362 433 414 propositi
456 364 648 402 nondum
671 363 805 414 pudet
827 371 955 415 atque
978 364 1124 403 eadem
1146 368 1209 403 est
1230 377 1363 412 mens,

98 431 145 466 ut
166 427 276 466 bona
297 441 463 467 summa
484 432 609 480 putes
631 428 768 467 aliena
789 428 929 467 vivere
951 429 1126 480 quadra,

95 491 129 531 si
151 496 272 544 potes
293 492 366 532 illa
387 493 605 545 pati.quae
627 506 704 532 nec
729 493 978 533 Sarmentus
1002 494 1168 547 iniquas

97 557 285 597 Caesaris
307 558 358 597 ad
382 571 547 597 mensas
569 571 646 597 nec
671 558 763 597 vilis
786 558 934 598 Gabba
954 559 1139 607 tulisset,
1192 603 1208 619 ·

95 622 287 674 quamvis
309 622 449 662 iurato
472 627 662 662 metuam
684 623 762 662 tibi
785 624 954 663 credere
977 624 1087 664 testi.
1537 627 1562 668 5

95 690 243 727 ventre
263 687 371 727 nihil
394 688 492 727 novi
514 689 739 740 frugalius.
801 689 881 729 hoc
903 693 1047 729 tamen
1069 690 1209 742 ipsum

95 752 299 792 defecisse
321 757 440 805 puta,
466 754 580 805 quod
602 753 719 792 inani
742 755 900 794 sufficit
921 755 1015 794 alvo

94 817 213 856 nulla
234 818 406 870 crepido
429 825 549 858 vacat
570 818 587 858 Ρ
640 832 851 871 nusquam
872 833 979 872 pons
1001 824 1042 859 et
1064 821 1218 873 tegetis
1238 834 1335 871 pars

95 882 273 922 dimidia
293 883 460 923 brevior
483 884 500 923 Ρ
560 884 730 923 tantine
752 884 909 924 iniuria
930 898 1071 933 cenae,

94 954 181 987 tam
204 948 347 988 ieiuna
368 948 517 996 fames,
543 962 641 988 cum
662 949 796 1001 possit
818 949 1041 990 honestius
1062 951 1150 990 illic
1508 953 1560 991 10

94 1016 136 1052 et
157 1016 339 1053 tremere
360 1017 402 1053 et
424 1014 567 1054 sordes
588 1014 715 1054 farris
737 1015 930 1054 mordere
952 1016 1093 1054 canini
1117 1015 1134 1055 ΖΡ

146 1078 284 1130 primo
306 1079 385 1131 fige
406 1079 514 1121 loco,
540 1079 654 1131 quod
676 1083 724 1118 tu
747 1080 1013 1120 discumbere
1035 1080 1174 1121 iussus

93 1143 330 1182 mercedem
353 1144 533 1183 solidam
554 1148 748 1183 veterum
771 1145 885 1197 capis
907 1145 1157 1185 officiorum.

93 1208 262 1248 fructus
283 1208 497 1248 amicitiae
519 1222 697 1261 magnae
719 1210 853 1257 cibus,
878 1210 1053 1262 inputat
1074 1211 1190 1251 hunc
1211 1225 1298 1260 rex,

93 1277 135 1313 et
157 1274 349 1326 quamvis
368 1287 512 1313 rarum
535 1278 679 1313 tamen
700 1275 888 1327 inputat.
951 1289 1051 1327 ergo
1073 1277 1179 1316 duos
1199 1281 1296 1329 post
1507 1278 1556 1316 15

92 1338 125 1378 si
146 1338 275 1378 libuit
296 1352 460 1378 menses
480 1339 727 1392 neglectum
749 1340 950 1380 adhibere
972 1341 1186 1389 clientem,

92 1404 221 1444 tertia
241 1417 294 1443 ne
316 1417 449 1444 vacuo
471 1409 654 1444 cessaret
675 1405 834 1445 culcita
854 1405 980 1453 lecto,

95 1473 106 1489 ‘
125 1482 209 1508 una
230 1469 362 1508 simus
378 1469 389 1485 ³
410 1469 479 1508 ait.
545 1474 744 1509 votorum
767 1484 946 1510 summa.
1010 1472 1113 1523 quid
1136 1472 1249 1511 ultra

93 1534 293 1586 quaeris?
349 1534 478 1574 habet
500 1535 680 1574 Trebius
701 1539 877 1587 propter
898 1537 1011 1588 quod
1034 1549 1230 1589 rumpere
1252 1550 1451 1580 somnum

93 1599 244 1639 debeat
267 1603 309 1638 et
329 1599 484 1651 ligulas
506 1600 740 1647 dimittere,
766 1600 976 1640 sollicitus
998 1614 1051 1640 ne
1504 1604 1558 1644 20

92 1668 184 1704 tota
204 1665 430 1704 salutatrix
454 1665 536 1704 iam
558 1666 685 1704 turba
706 1666 918 1717 peregerit
940 1667 1098 1713 orbem,

92 1729 300 1769 sideribus
322 1730 464 1769 dubiis
485 1733 560 1769 aut
582 1730 655 1769 illo
677 1735 869 1782 tempore
892 1744 975 1783 quo
997 1744 1038 1771 se

91 1794 250 1847 frigida
271 1794 572 1847 circumagunt
593 1795 704 1847 pigri
728 1809 892 1835 serraca
916 1796 1086 1836 Bootae.

145 1859 282 1912 qualis
304 1873 408 1899 cena
429 1864 587 1899 tamen.
652 1860 798 1899 vinum
823 1861 937 1913 quod
960 1861 1107 1901 sucida
1127 1862 1237 1902 nolit

91 1924 188 1964 lana
207 1925 297 1977 pati
317 1939 325 1964 :
357 1925 408 1964 de
430 1925 608 1965 conviva
632 1924 875 1978 Corybanta
897 1926 1070 1965 videbis.
1505 1931 1557 1968 25

92 1989 230 2042 iurgia
250 1990 504 2042 proludunt,
530 1990 602 2029 sed
625 2004 721 2030 mox
744 1995 785 2030 et
807 1991 961 2043 pocula
982 1994 1156 2044 torques

92 2054 260 2094 saucius
282 2059 324 2094 et
346 2055 473 2094 rubra
495 2055 690 2107 deterges
712 2056 890 2094 vulnera
911 2069 1080 2108 mappa,

92 2119 205 2159 inter
226 2133 298 2159 vos
319 2120 517 2172 quotiens
538 2120 877 2172 libertorumque
900 2121 1121 2160 cohortem

92 2197 237 2237 pugna
259 2184 500 2237 Saguntina
520 2186 659 2225 fervet
681 2186 905 2225 commissa
926 2186 1092 2238 lagona.

92 2248 181 2302 ipse
202 2250 403 2302 capillato
425 2251 631 2290 diffusum
653 2250 826 2291 consule
848 2254 971 2302 potat
1504 2254 1557 2294 30

92 2314 384 2368 calcatamque
406 2319 525 2355 tenet
547 2316 669 2356 bellis
690 2316 918 2355 socialibus
941 2329 1066 2356 uvam

92 2379 286 2419 cardiaco
309 2394 543 2433 numquam
565 2381 770 2433 cyathum
793 2381 999 2420 missurus
1020 2386 1156 2421 amico
1174 2399 1184 2433 ‚-

92 2456 183 2484 cras
203 2444 321 2484 bibet
343 2445 521 2485 Albanis
541 2445 706 2498 aliquid
727 2445 778 2485 de
801 2445 1020 2486 montibus
1040 2450 1118 2486 aut
1138 2446 1191 2486 de
