1778 2693
809 128 985 159 SATVRA
1018 129 1044 158 X

191 244 276 272 non
297 230 440 272 eadem
463 230 548 270 vini
569 233 696 283 atque
717 230 798 270 cibi
821 234 1013 284 torpente
1036 232 1174 284 palato

190 297 358 349 gaudia.
421 309 517 335 nam
539 296 674 336 coitus
696 296 776 335 iani
800 296 925 349 longa
947 298 1115 346 oblivio,
1140 298 1203 338 vel
1225 298 1258 338 si

190 364 362 410 coneris,
391 362 496 401 iacet
515 362 691 413 exiguus
712 375 809 401 cum
831 363 984 403 ramice
1006 377 1158 403 nervus

190 433 232 468 et
253 428 443 481 quamvis
464 431 552 467 tota
573 427 769 479 palpetur
792 432 925 476 nocte,
952 429 1112 469 iacebit.

189 507 298 534 anne
319 493 478 546 aliquid
500 507 663 544 sperare
684 497 823 546 potest
844 494 946 534 haec
969 495 1156 546 inguinis
1176 495 1289 547 aegri

190 562 396 601 canities?
454 561 555 613 quid
578 561 688 612 quod
712 561 861 601 merito
882 565 1073 614 suspecta
1093 561 1224 601 libido
1245 565 1306 601 est

190 640 294 679 quae
319 641 507 668 venerem
529 628 714 667 adfectat
735 628 823 667 sine
847 628 1002 667 viribus
1016 629 1034 666 ἵ)
1091 628 1227 680 aspice
1247 627 1378 680 partis

189 705 304 732 nunc
324 693 528 732 damnum
549 692 736 732 alterius.
798 707 895 732 nam
918 706 1022 745 quae
1043 696 1240 733 cantante
1264 693 1469 745 voluptas,

189 758 244 798 sit
263 758 363 798 licet
383 759 575 807 eximius,
599 759 841 798 citharoedo
862 759 946 798 sive
970 759 1141 798 Seleuco

188 826 230 863 et
251 824 403 876 quibus
423 828 569 864 aurata
589 838 677 864 mos
697 828 759 864 est
779 825 942 876 fulgere
963 825 1128 864 lacerna
1142 826 1160 863 ’.Ρ

189 889 291 940 quid
313 890 456 937 refert,
481 889 622 942 magni
645 890 786 929 sedeat
807 903 890 941 qua
910 893 1028 942 parte
1051 889 1205 929 theatri

189 954 260 1006 qui
283 954 353 994 vix
373 955 606 995 cornicines
626 954 822 994 exaudiet
841 957 968 1006 atque
992 954 1191 994 tubarum

187 1023 415 1060 concentus
429 1022 448 1059 ⁴?
504 1020 683 1060 clamore
704 1034 809 1072 opus
828 1023 904 1067 est,
930 1022 977 1058 ut
997 1020 1151 1059 sentiat
1171 1020 1283 1060 auris

188 1097 313 1136 quem
334 1085 448 1125 dicat
467 1085 626 1125 venisse
647 1098 765 1137 puer,
790 1087 894 1137 (suot
914 1084 1086 1124 nuntiet
1105 1084 1242 1124 horas.

187 1153 400 1202 praeterea
420 1151 623 1190 minimus
642 1150 782 1203 gelido
802 1150 886 1190 iam
907 1150 952 1189 in
973 1163 1146 1202 corpore
1167 1150 1337 1202 sanguis

187 1214 303 1255 febre
323 1216 429 1255 calet
449 1216 548 1263 sola,
572 1215 822 1255 circumsilit
843 1215 1010 1267 agmine
1030 1215 1143 1255 facto

186 1281 429 1320 morborum
450 1294 573 1321 omne
594 1294 740 1333 genus,
765 1294 946 1333 quorum
968 1280 1001 1319 si
1023 1280 1196 1320 nomina
1217 1294 1403 1333 quaeras,

186 1346 426 1398 promptius
445 1346 664 1398 expediam
686 1350 789 1398 quot
809 1346 1012 1386 amaverit
1033 1345 1172 1398 Oppia
1192 1346 1398 1394 moechos,

187 1413 291 1464 quot
311 1411 539 1451 Themison
561 1425 704 1463 aegros
724 1415 931 1451 autumno
952 1411 1153 1451 occiderit
1173 1425 1272 1459 11110,

187 1479 291 1530 quot
311 1476 475 1516 Basilus
495 1476 638 1524 socios,
663 1480 767 1529 quot
787 1476 1163 1528 circumscripserit
1184 1476 1340 1517 Hirrus

185 1542 384 1595 pupillos,
410 1545 513 1595 quot
532 1542 658 1595 longa
678 1542 788 1581 viros
808 1543 1003 1582 exorbeat
1024 1556 1110 1582 uno

188 1607 336 1647 Maura
355 1607 436 1656 die,
461 1611 564 1660 quot
585 1607 814 1659 discipulos
834 1607 1012 1647 inclinet
1034 1607 1261 1655 Hamillus,

184 1686 427 1726 percurram
448 1673 574 1713 citius
595 1677 697 1726 quot
717 1672 837 1712 villas
857 1672 1068 1725 possideat
1090 1686 1203 1712 nunc

186 1751 269 1791 quo
290 1739 493 1779 tondente
513 1738 651 1791 gravis
671 1738 813 1777 iuveni
835 1738 940 1777 mihi
963 1738 1088 1777 barba
1109 1738 1294 1778 sonabat.

184 1803 255 1844 ille
275 1817 434 1852 umero,
459 1803 529 1844 hic
549 1803 718 1851 lumbis,
743 1803 812 1843 hic
833 1817 934 1843 coxa
955 1803 1124 1852 debilis;
1155 1803 1298 1843 ambos

184 1869 372 1921 perdidit
392 1868 462 1908 ille
482 1869 624 1909 oculos
643 1872 686 1908 et
706 1868 832 1908 luscis
854 1868 1035 1917 invidet3
1067 1868 1194 1908 huius

143 1949 147 1963 1
184 1934 343 1987 pallida
362 1934 476 1974 labra
496 1934 639 1974 cibum
660 1934 875 1986 accipiunt
895 1933 1041 1985 digitis
1061 1933 1221 1981 alienis,

184 1999 272 2052 ipse
293 1999 345 2039 ad
367 2003 638 2052 conspectum
659 2012 784 2039 cenae
805 1999 1002 2039 diducere
1024 1998 1179 2038 rictum

184 2067 328 2105 suetus
348 2065 439 2105 hiat
460 2068 629 2105 tantum
649 2078 724 2105 ceu
747 2065 890 2118 pullus
910 2064 1167 2112 hirundinis,
1191 2065 1242 2104 ad
1265 2078 1388 2117 quem

184 2143 254 2171 ore
274 2131 388 2170 volat
407 2131 533 2183 pleno
553 2133 687 2170 mater
707 2130 861 2170 ieiuna.
923 2130 994 2169 sed
1017 2130 1132 2169 0111111

184 2196 469 2236 membrorum
490 2196 646 2236 damno
666 2196 798 2235 maior
819 2195 1044 2242 dementia,
1070 2208 1176 2246 quae
1197 2209 1274 2236 1100

185 2263 358 2303 nomina
377 2276 591 2303 servorum
613 2276 688 2302 1100
710 2262 876 2301 vultum
898 2261 1088 2313 agnoscit
1107 2261 1231 2301 amici

184 2341 282 2368 cum
302 2341 384 2381 quo
405 2328 632 2381 praeterita
652 2327 816 2367 cenavit
836 2331 974 2374 nocte,
999 2339 1075 2366 nec
1096 2326 1188 2366 illos

185 2406 289 2446 quos
307 2393 471 2446 genuit,
497 2406 600 2446 quos
619 2393 781 2433 eduxit.
841 2406 938 2432 nam
960 2391 1100 2431 codice
1121 2404 1240 2432 saevo

183 2457 358 2499 heredes
377 2461 491 2500 vetat
509 2472 595 2500 esse
615 2471 723 2507 suos,
746 2458 856 2498 bona
875 2460 964 2498 tota
983 2457 1182 2497 feruntur

1607 133 1659 175 77

1579 367 1656 405 205

1577 696 1655 733 210

1577 1023 1653 1061 215

1575 1349 1653 1386 220

1573 2002 1650 2039 230
