1778 2693
683 84 686 86 v
715 107 890 136 SATVRA
924 107 1005 135 XIV

127 212 256 262 atque
277 208 410 256 nefas,
433 208 605 249 tandem
629 207 843 260 incipiunt
863 207 1018 248 sentire
1037 207 1216 261 peractis

128 273 391 314 criminibus.
451 276 590 313 tamen
613 273 663 312 ad
687 286 821 312 mores
841 276 994 313 natura
1015 273 1194 313 recurrit

128 339 348 379 damnatos
370 339 451 378 fixa
471 342 514 377 ot
534 337 688 377 mutari
713 338 862 377 nescia.
922 351 1020 378 nam
1043 338 1137 390 quis

129 404 329 457 peccandi
352 404 477 443 finem
499 403 642 456 posuit
662 403 738 442 sibi
755 404 773 441 ἱ)
830 403 1000 455 quando
1020 403 1178 455 recepit

128 469 308 510 eiectum
332 469 455 509 semel
479 469 626 508 attrita
647 469 697 507 de
719 468 859 508 fronte
880 469 1075 508 ruborem
1090 470 1108 507 ‘3

129 535 322 586 quisnam
344 534 567 574 hominum
589 537 651 573 est
672 546 799 585 quem
822 536 867 572 tu
890 536 1139 573 contentum
1160 533 1313 573 videris
1333 546 1420 574 uno

128 599 288 652 flagitio
302 601 320 638 ⁴?
377 599 494 639 dabit
515 599 558 638 in
580 598 778 651 laqueum
801 598 976 650 vestigia
996 601 1136 638 noster

128 665 314 717 perfidus
334 668 376 705 et
397 664 507 717 nigri
530 664 716 717 patietur
737 663 911 703 carceris
933 676 1091 703 uncum

128 733 202 769 aut
223 730 349 769 maris
370 730 523 781 Aegaei
546 742 693 782 rupem
716 729 989 780 scopulosque
1010 729 1250 780 frequentes

129 795 323 835 exulibus
345 795 519 846 magnis.
585 808 716 847 poena
737 794 939 846 gaudebis
959 807 1098 833 amara

128 860 312 900 nominis
334 861 454 899 invisi
478 861 733 911 tandemque
754 860 937 900 fatebere
957 860 1092 899 laetus

128 938 205 966 nec
225 925 400 965 surdum
423 938 498 965 nec
519 924 716 965 Teresian
739 937 994 976 quemquam
1015 937 1100 964 esse
1122 924 1309 964 deorum.

698 1083 895 1118 SATVRA
924 1084 1010 1117 XIV

130 1185 320 1225 Plurima
340 1187 454 1232 sunt,
478 1184 674 1231 Fuscine,
698 1188 740 1223 et·
759 1184 871 1223 fama
893 1183 1022 1233 digna
1042 1182 1210 1223 sinistra

129 1253 172 1290 et
191 1249 339 1289 nitidis
359 1249 567 1289 maculam
589 1249 809 1289 haesuram
832 1248 1005 1300 figentia
1027 1249 1163 1296 rebus,

131 1329 237 1368 quae
258 1318 497 1355 monstrant
517 1315 592 1367 ipsi
618 1314 758 1365 pueris
780 1314 1040 1366 traduntque
1063 1317 1270 1366 parentes.

130 1381 163 1421 si
184 1381 384 1420 damnosa
404 1394 544 1420 senem
566 1380 684 1419 iuvat
704 1380 806 1426 alea,
829 1379 942 1418 ludit
962 1384 1002 1418 et
1024 1379 1143 1419 heres

130 1447 317 1487 bullatus
337 1459 546 1499 parvoque
567 1446 711 1485 eadem
732 1447 872 1485 movet
892 1458 1008 1484 arma
1027 1445 1191 1485 fritillo.

130 1525 207 1552 nec
227 1511 377 1552 melius
397 1512 448 1550 de
469 1524 509 1550 se
529 1511 728 1563 cuiquam
750 1524 913 1563 sperare
934 1510 1173 1562 propinquo

130 1577 331 1618 concedet
352 1576 528 1623 iuvenis,
554 1575 626 1628 qui
647 1576 790 1616 radere
811 1576 959 1615 tubera
979 1579 1128 1623 terrae,

131 1643 316 1683 boletum
340 1642 510 1681 condire
531 1646 573 1681 et
593 1641 739 1681 eodem
761 1641 851 1680 iure
872 1641 1059 1680 natantis

131 1721 318 1760 mergere
339 1707 536 1747 ficedulas
555 1707 707 1746 didicit
727 1706 936 1746 nebulone
957 1709 1131 1758 parente

131 1777 175 1814 et
194 1787 298 1814 cana
318 1775 579 1813 monstrante
599 1772 717 1824 gula3
748 1785 845 1812 cum
867 1771 1072 1822 septimus
1091 1785 1229 1812 annus

131 1839 346 1879 transierit
365 1851 560 1891 puerum,
585 1837 775 1877 nondum
798 1837 914 1877 omni
934 1837 1060 1876 dente
1081 1840 1241 1885 renato,

131 1904 326 1944 barbatos
346 1903 444 1943 licet
464 1903 684 1944 admoveas
704 1902 821 1942 mille
843 1902 941 1942 inde
962 1902 1197 1953 magistros,

131 1969 233 2009 hinc
253 1969 446 2015 totidem,
470 1968 613 2021 cupiet
632 1968 749 2008 lauto
768 1981 916 2008 cenare
936 1970 1087 2020 paratu

132 2047 296 2087 semper
315 2037 358 2074 et
377 2047 401 2074 a
420 2047 574 2086 magna
593 2047 678 2073 non
699 2033 952 2085 degenerare
972 2032 1126 2072 culina.

132 2100 280 2140 mitem
301 2099 491 2139 animum
513 2101 555 2139 et
575 2112 710 2139 mores
730 2098 907 2138 modicis
928 2098 1139 2138 erroribus
1159 2111 1312 2150 aequos

133 2164 337 2217 praecipit
357 2167 483 2216 atque
503 2164 663 2204 animas
683 2177 898 2203 servorum
920 2167 962 2203 et
982 2177 1154 2215 corpora
1174 2166 1318 2203 nostra

135 2231 308 2270 materia
327 2233 516 2270 constare
537 2233 661 2282 putat
681 2229 935 2282 paribusque
955 2229 1187 2276 elementis,

133 2310 185 2337 an
207 2296 362 2336 saevire
382 2296 503 2335 docet
525 2295 694 2335 Rutilus
716 2295 787 2347 qui
809 2296 965 2346 gaudet
984 2295 1130 2335 acerbo

133 2362 354 2414 plagarum
375 2360 551 2414 strepitu
575 2364 617 2401 et
637 2361 798 2400 nullam
822 2360 969 2401 Sirena
989 2360 1164 2412 flagellis

133 2428 348 2480 conparat,
373 2426 629 2479 Antiphates
651 2425 802 2480 trepidi
824 2425 922 2466 laris
941 2439 989 2466 ac
1012 2425 1309 2479 Polyphemus,

1538 111 1595 152 99

1517 342 1593 378 240

1516 665 1594 704 245

1550 1774 1600 1812 10

1550 2428 1600 2465 20
