1778 2693
719 123 896 152 SATVRA
927 123 964 151 II

110 225 182 266 ille
202 225 479 279 supercilium
501 225 672 265 madida
693 224 877 277 fuligine
900 223 1089 263 tinctum

110 291 283 344 obliqua
303 290 504 343 producit
525 303 603 330 acu
625 289 852 342 pingitque
880 289 1104 328 trementis

109 357 312 397 attollens
334 356 478 395 oculos
500 369 510 405 ;
541 355 676 394 vitreo
700 355 809 394 bibit
835 355 904 393 ille
928 354 1076 407 priapo

109 423 426 474 reticulumque
448 421 579 460 comis
602 424 801 460 auratum
827 421 1078 472 ingentibus
1100 419 1252 472 implet

110 489 303 529 caerulea
325 488 504 526 indutus
526 487 743 526 scutulata
765 492 839 526 aut
861 487 1033 539 galbina
1054 499 1147 525 rasa

110 558 153 594 et
174 567 248 607 per
270 554 481 593 Iunonem
503 553 665 592 domini
690 553 860 592 iurante
885 552 1082 591 ministro
1105 565 1114 600 3

110 619 181 659 ille
203 622 320 658 tenet
342 619 578 671 speculum,
604 618 766 670 pathici
790 621 1009 670 gestamen
1033 615 1231 663 Othonis,

110 684 281 724 Actoris
303 684 496 723 Aurunci
516 683 714 736 spolium,
740 696 823 735 quo
846 696 887 722 se
909 682 979 721 ille
1002 681 1172 720 videbat

110 753 323 789 armatum
345 762 444 788 cum
466 749 549 788 iam
571 748 665 788 tolli
698 748 851 787 vexilla
873 748 1093 787 iuberet-—

110 827 174 854 res
197 815 470 854 memoranda
490 814 610 853 novis
632 813 858 853 annalibus
878 816 1007 864 atque
1036 810 1199 850 recenti

110 879 303 928 historia,
328 880 551 932 speculum
574 879 711 918 civilis
743 878 908 917 sarcina
929 877 1042 916 belli.

110 945 316 984 nimirum
338 944 493 984 summi
516 944 636 984 ducis
654 947 718 983 est
742 943 935 983 occidere
960 941 1138 981 Galbam

111 1013 154 1050 et
175 1023 323 1050 curare
345 1013 503 1058 cutem,
528 1009 684 1049 summi
706 1007 950 1048 constantia
971 1007 1074 1046 civis

113 1075 328 1115 Bebriacis
350 1075 511 1127 campis
534 1074 719 1127 spolium
742 1073 960 1113 adfectare
984 1071 1122 1111 Palati

112 1143 155 1180 et
175 1153 368 1193 pressum
379 1138 564 1180 ‘m'facie
587 1139 735 1192 digitis
756 1138 986 1178 extendere
1008 1150 1179 1189 panem,

112 1205 228 1258 quod
248 1218 327 1245 nec
347 1205 392 1244 111
413 1205 587 1258 Assyrio
608 1204 858 1257 pharetrata
881 1202 1127 1243 Samiramis
1149 1201 1264 1250 orbe,

113 1274 272 1311 maesta
291 1284 370 1310 1100
392 1271 570 1310 Actiaca
590 1269 696 1309 fecit
716 1269 943 1321 Cleopatra
965 1268 1176 1308 carina—.

113 1335 182 1376 hic
204 1336 350 1376 nullus
371 1336 509 1376 verbis
531 1335 670 1388 pudor
690 1338 766 1374 aut
788 1333 1027 1374 reverentia
1048 1346 1234 1380 mensae,

113 1401 183 1441 hic
204 1401 344 1454 turpis
367 1401 544 1454 Cybeles
566 1404 608 1440 et
629 1401 769 1440 fracta
789 1412 891 1439 voce
912 1398 1118 1451 loquendi

112 1467 288 1506 libertas
309 1469 352 1506 et
373 1465 489 1505 crine
511 1479 638 1505 senex
659 1464 876 1504 fanaticus
898 1463 994 1503 albo

115 1544 331 1571 sacrorum
352 1530 545 1578 antistes,
570 1543 714 1569 rarum
735 1542 782 1568 ac
805 1527 1079 1568 memorabile
1102 1527 1247 1579 magni

114 1596 306 1649 gutturis
328 1595 571 1648 exemplum
592 1594 986 1645 conducendusque
1009 1592 1225 1644 magister.

115 1662 221 1714 quid
242 1665 387 1700 tamen
410 1663 655 1712 expectant,
683 1659 870 1711 Phrygio
893 1671 998 1711 quos
1022 1661 1192 1710 tenipus
1214 1661 1304 1697 erat
1326 1658 1410 1698 iam

115 1740 232 1766 more
253 1739 563 1778 supervacuam
585 1724 736 1764 cultris
758 1725 1012 1776 abrumpere
1035 1736 1205 1763 carnem
1228 1722 1246 1762 Ρ

116 1791 433 1845 quadringenta
454 1790 573 1830 dedit
597 1789 816 1829 Gracchus
839 1788 1034 1828 sestertia
1056 1788 1200 1827 dotem

116 1856 339 1904 cornicini,
364 1856 450 1896 sive
471 1855 541 1895 hic
562 1858 680 1894 recto
703 1858 953 1894 cantaverat
975 1867 1069 1893 aere
1090 1867 1100 1903 ;

115 1922 308 1975 signatae
329 1921 515 1969 tabulae,
541 1920 706 1960 dictum
732 1919 975 1966 ‘feliciterss
996 1919 1146 1971 ingens

116 2001 220 2028 cena
241 1987 374 2034 sedet,
398 1985 560 2038 gremio
581 1985 714 2025 iacuit
736 1998 845 2024 nova
864 1991 1002 2036 nupta
1023 1984 1179 2023 mariti.

117 2066 140 2093 o
161 2065 371 2106 proceres,
395 2065 569 2091 censore
590 2064 696 2103 opus
718 2053 782 2090 est
803 2064 856 2089 an
879 2049 1105 2101 haruspice
1126 2049 1248 2089 nobis
1270 2048 1289 2089 Ρ

117 2118 280 2158 scilicet
302 2117 494 2157 horreres
516 2116 760 2168 maioraque
782 2118 974 2154 monstra
995 2118 1183 2166 putares,

117 2183 151 2223 si
172 2183 326 2222 mulier
347 2181 532 2221 vitulum
553 2181 619 2221 vel
641 2181 675 2220 si
697 2181 771 2220 bos
793 2180 937 2219 ederet
959 2192 1118 2231 agnum
1137 2179 1154 2219 Ρ

117 2251 338 2300 segmenta
359 2250 401 2287 et
420 2247 572 2299 longos
592 2246 766 2285 habitus
788 2249 829 2284 et
852 2245 1046 2284 flammea
1066 2244 1213 2292 sumit,

118 2326 272 2353 arcano
294 2312 366 2365 qui
388 2325 505 2351 sacra
525 2312 667 2351 ferens
688 2310 890 2350 nutantia
910 2310 1000 2350 loro

119 2377 290 2418 sudavit
310 2377 473 2429 clupeis
494 2376 718 2416 ancilibus.
781 2389 804 2415 o
826 2378 948 2427 pater
970 2375 1100 2423 urbis,

119 2442 234 2482 unde
254 2441 376 2482 nefas
396 2443 570 2481 tantum
591 2440 726 2480 Latiis
747 2440 989 2493 pastoribus
1012 2439 1030 2479 ‚⁹
1084 2439 1199 2479 unde

1525 352 1574 390 95

1500 678 1577 716 100

1502 1005 1578 1044 105

1503 1335 1582 1373 110

1506 1661 1582 1698 115

1507 1986 1584 2024 120

1508 2312 1584 2350 125
