1778 2693
194 123 272 164 106
677 133 716 161 D.
753 132 879 161 IVNII
911 131 1164 161 n'x·1·:N.xL1s

188 233 414 280 curriculo,
439 245 562 284 quem
585 231 616 271 si
639 245 816 279 revoces,
841 231 1064 271 subsistere
1086 232 1220 271 nescit

188 304 229 337 et
251 302 290 338 te
311 302 553 348 contempto
575 297 737 348 rapitur
758 296 962 348 metisque
985 296 1151 336 relictis.

189 375 312 401 nemo
333 362 432 401 satis
452 361 585 400 credit
608 365 771 400 tautum
796 360 1041 411 delinquere
1064 363 1272 411 quantum

191 427 426 478 permittas3
458 426 559 464 adeo
581 425 804 477 indulgent
822 425 897 464 sibi
921 425 1047 464 latius
1069 425 1161 476 ipsi.

189 506 286 532 cum
308 492 410 532 dicis
431 491 572 530 iuveni
593 490 788 536 stultum,
814 490 885 541 qui
907 491 1036 530 donet
1055 490 1202 538 amico,

190 557 262 609 qui
285 559 574 608 paupertatem
595 555 704 595 levet
724 555 973 606 attollatque
994 555 1237 606 propinqui,

189 627 230 661 et
251 622 426 673 spoliare
446 621 568 660 doces
589 625 632 659 et
652 620 992 659 circumscribere
1013 623 1053 659 et
1074 620 1188 659 omni

189 687 365 726 crimine
385 686 553 725 divitias
574 685 810 737 adquirere,
831 698 1010 736 quarum
1031 698 1146 724 amor
1168 684 1211 723 iu
1232 687 1274 723 te

191 755 374 803 quantus
394 754 482 790 erat
502 750 662 803 patriae
685 750 911 790 Deciorum
932 750 975 788 in
997 754 1178 801 pectore,
1203 750 1411 800 quantum

189 817 338 856 dilexit
359 816 537 863 Thebas,
562 816 595 855 si
618 815 790 855 Graecia
809 828 919 862 vera,
944 815 1205 861 Menoeceus,

189 882 233 920 in
255 895 435 933 quorum
457 881 582 920 sulcis
601 880 785 932 legiones
806 880 1002 919 dentibus
1023 879 1172 931 anguis

189 960 285 986 cum
307 946 451 998 clipeis
472 949 705 985 nascuntur
725 948 767 984 et
786 944 958 984 horrida
976 944 1086 984 bella
1105 946 1328 995 capessunt

188 1011 406 1059 continuo,
430 1014 645 1062 tamquam
668 1014 709 1050 et
730 1010 902 1049 tubicen
923 1008 1150 1049 surrexerit
1170 1021 1267 1048 una.

188 1090 286 1129 ergo
307 1077 462 1128 ignem,
487 1076 607 1115 cuius
627 1075 831 1115 scintillas
851 1075 938 1126 ipse
958 1073 1125 1122 dedisti,

189 1143 436 1193 flagrantem
458 1142 543 1181 late
564 1143 606 1180 et
627 1140 859 1192 rapientem
880 1142 1033 1179 cuncta
1052 1138 1225 1179 videbis.

188 1221 263 1246 nec
286 1206 361 1246 tibi
383 1208 577 1258 parcetur
598 1205 763 1252 misero,
787 1204 1087 1256 trepidumque
1108 1203 1358 1255 magistrum

188 1273 231 1311 in
253 1285 373 1311 cavea
394 1284 545 1321 magno
567 1270 741 1309 fremitu
763 1270 825 1309 leo
847 1269 966 1309 tollet
986 1269 1198 1308 alumnus.

188 1341 287 1376 nota
308 1335 614 1375 mathematicis
635 1334 798 1386 genesis
819 1337 906 1381 tua,
931 1334 1000 1373 scd
1022 1346 1145 1385 grave
1166 1333 1306 1372 tardas

187 1405 404 1453 expectare
425 1401 558 1448 colus3
592 1399 779 1439 morieris
800 1399 977 1438 stamine
999 1399 1189 1438 nondum

186 1467 378 1517 abrupto.
439 1465 522 1504 iam
545 1477 657 1503 nunc
679 1464 816 1504 obstas
835 1466 877 1503 et
897 1466 993 1503 vota
1013 1462 1200 1510 moraris,

187 1531 268 1570 iam
290 1533 459 1582 torquet
481 1530 675 1569 iuvenem
696 1529 822 1580 longa
841 1531 883 1568 et
903 1528 1071 1568 cervina
1091 1530 1294 1567 senectus.

186 1596 301 1635 ocius
322 1595 605 1646 Archigenem
628 1607 779 1645 quaere
799 1596 925 1645 atque
945 1606 1034 1633 eme
1056 1593 1167 1644 quod
1191 1591 1460 1631 Mithridates

186 1660 441 1712 composuit;
473 1659 505 1698 si
530 1659 589 1698 vis
610 1659 734 1698 aliam
756 1659 978 1709 decerpere
999 1658 1125 1697 ficum

186 1729 312 1777 atque
333 1724 433 1764 alias
453 1727 631 1764 tractare
653 1737 776 1770 rosas,
802 1723 1061 1762 medicamen
1082 1722 1324 1761 habendum
1345 1724 1420 1769 est,

187 1791 348 1830 sorbere
369 1793 466 1829 ante
487 1789 628 1829 cibum
651 1789 762 1840 quod
785 1788 932 1827 debeat
952 1790 994 1827 et
1014 1790 1132 1839 pater
1151 1790 1193 1826 et
1213 1786 1318 1826 rex)

241 1859 428 1895 monstro
449 1854 707 1905 voluptatem
729 1852 955 1904 egregiam,
979 1851 1047 1891 cui
1069 1851 1187 1890 nulla
1207 1851 1384 1898 theatra,

187 1920 305 1959 nulla
325 1932 501 1971 aequare
522 1931 646 1970 queas
667 1917 870 1969 praetoris
890 1916 1057 1969 pulpita
1075 1916 1197 1964 lauti,

188 1985 220 2024 si
243 1988 402 2036 spectes
423 1986 581 2035 quanto
602 1983 751 2034 capitis
771 1981 1013 2021 discrimine
1034 1983 1228 2020 constent

188 2050 447 2089 incrementa
468 2049 631 2095 domus,
656 2050 795 2087 aerata
815 2047 977 2086 multus
997 2045 1041 2085 in
1062 2058 1157 2085 arca

189 2116 311 2154 fiscus
331 2117 372 2153 et
392 2114 443 2153 ad
466 2113 635 2165 vigilem
657 2112 841 2164 ponendi
865 2111 1035 2151 Castora
1055 2109 1219 2149 nummi

187 2192 237 2218 ex
259 2192 342 2230 quo
364 2177 474 2217 Mars
495 2178 619 2217 Vltor
638 2177 799 2228 galeam
819 2189 984 2228 quoque
1004 2175 1189 2228 perdidit
1209 2176 1251 2214 et
1270 2187 1334 2214 res

189 2257 273 2283 non
293 2242 435 2295 potuit
455 2255 614 2282 servare
636 2255 739 2281 suas.
801 2253 899 2292 ergo
919 2240 1061 2280 omnia
1080 2239 1227 2279 Florae

187 2312 229 2348 et
251 2307 410 2348 Cereris
429 2307 528 2346 licet
547 2309 588 2352 et
610 2305 782 2357 Cybeles
801 2305 945 2345 aulaea
965 2304 1197 2355 relinquas3

187 2375 306 2412 tanto
327 2371 501 2411 maiores
520 2371 706 2409 humana
727 2369 893 2422 negotia
912 2369 1017 2408 ludi.

187 2451 238 2478 an
261 2436 394 2488 magis
414 2435 624 2475 oblectant
643 2434 832 2474 animum
854 2434 1007 2473 iactata
1026 2436 1199 2486 petauro

1568 491 1645 530 235

1567 815 1645 853 240

1569 1139 1645 1178 245

1568 1463 1645 1501 250

1568 1789 1644 1826 255

1567 2111 1644 2150 260

1565 2434 1643 2472 265
