1778 2693
682 140 859 170 SATVRA
890 141 939 169 VI

66 240 367 294 inpatiensque
388 254 530 282 morae
552 240 649 281 silet
670 243 713 281 et
734 241 960 294 praeputia
981 242 1115 281 ducit.

66 305 230 346 scilicet
251 309 450 359 expectas
472 309 521 346 ut
543 307 687 346 tradat
709 310 845 346 mater
867 306 1069 346 honestos

65 375 194 425 atque
215 372 320 412 alios
342 385 479 412 mores
500 385 629 424 quam
651 385 757 424 quos
781 371 909 411 habet
934 372 951 411 Ρ
1008 372 1114 411 utilc
1136 385 1260 424 porro

65 437 241 478 filiolam
261 437 378 490 turpi
401 437 569 477 vetulae
591 437 826 489 producere
849 440 1032 490 turpem.

118 503 238 543 nulla
258 503 347 543 fere
370 516 496 542 causa
517 506 580 542 est
602 502 646 541 in
668 516 751 555 qua
772 516 857 542 non
880 503 1041 542 femina
1062 503 1183 542 litem

65 568 256 609 moverit.
318 571 492 608 accusat
514 568 705 616 Manilia,
732 568 765 608 si
788 582 858 607 rea
880 582 966 608 non
988 571 1065 608 est.

65 637 317 686 conponunt
339 633 454 685 ipsae
475 646 550 685 per
571 646 613 672 se
635 633 912 685 formantque
934 633 1114 681 libellos,

64 698 327 751 principium
348 701 477 750 atque
498 698 612 738 locos
637 698 757 738 Celso
780 698 942 738 dictare
963 702 1147 750 paratae.

117 763 388 803 endromidas
411 763 560 816 Tyrias
583 767 625 803 et
647 763 884 803 femineum
907 776 1074 803 ceroma

66 828 158 881 quis
179 828 330 876 nescit,
358 828 421 867 vel
444 828 539 881 quis
560 841 646 868 non
669 828 778 867 vidit
799 828 977 868 vulnera
997 828 1083 881 pali
1107 828 1124 868 Ρ

64 907 190 948 quem
211 896 333 933 cavat
356 893 547 933 adsiduis
570 893 747 933 sudibus
769 896 980 946 scutoque
999 894 1171 933 lacessit

62 962 191 1012 atque
213 972 358 999 omnes
380 958 531 1011 implet
553 972 754 998 numeros
776 958 1027 1011 dignissima
1047 972 1220 1011 prorsus

62 1024 221 1065 Florali
243 1027 439 1064 matrona
460 1024 578 1072 tuba,
601 1024 681 1063 nisi
705 1024 738 1063 si
761 1024 864 1076 quid
887 1024 931 1063 in
953 1024 1026 1064 illo

61 1093 233 1142 pectore
254 1089 350 1142 plus
371 1089 508 1141 agitat
529 1102 738 1142 veraeque
759 1092 938 1142 paratur
959 1089 1156 1130 harenae.

62 1167 188 1208 quem
209 1157 423 1207 praestare
445 1157 588 1206 potest
609 1154 764 1193 mulier
784 1154 953 1206 galeata
973 1155 1197 1207 pudorem,

62 1233 169 1273 quae
190 1219 306 1272 fugit
327 1233 350 1259 a
371 1232 488 1267 sexu,
512 1219 622 1259 vires
643 1222 758 1259 amat
781 1219 798 1259 Ρ
859 1219 963 1259 haec
986 1225 1130 1260 tamen
1152 1220 1243 1272 ipsa

61 1285 126 1326 vir
145 1285 280 1326 nollet
303 1285 406 1332 fieri,
431 1298 531 1324 nam
553 1285 762 1337 quantula
783 1289 930 1326 nostra
951 1285 1162 1338 voluptas.

61 1351 185 1404 quale
205 1351 348 1398 decus,
373 1363 514 1390 rerum
537 1350 571 1390 si
592 1350 787 1403 coniugis
808 1351 952 1391 auctio
980 1351 1068 1398 fiat,

61 1416 228 1456 balteus
249 1419 292 1456 et
314 1415 503 1455 manicae
525 1419 568 1455 et
590 1416 742 1456 cristae
765 1417 985 1469 crurisque
1007 1416 1169 1456 sinistri

62 1481 291 1521 dimidium
313 1481 516 1532 tegimen,
543 1481 607 1520 vel
630 1481 663 1520 si
686 1481 853 1520 diversa
874 1481 1063 1521 movebit

61 1546 235 1599 proelia,
260 1549 307 1585 tu
330 1545 434 1585 felix
456 1559 598 1585 ocreas
621 1546 834 1585 vendente
856 1546 1012 1598 puella.

60 1611 139 1651 hae
160 1615 261 1651 sunt
284 1623 390 1664 quae
412 1610 533 1650 tenui
556 1611 714 1650 sudant
737 1611 780 1650 in
803 1611 990 1663 cyclade,
1016 1624 1199 1663 quarum

61 1676 234 1717 delicias
256 1680 297 1716 ct
319 1675 579 1728 panniculus
602 1676 883 1728 bombycinus
906 1676 993 1715 urit
1012 1675 1030 1715 Ρ

60 1741 199 1795 aspice
221 1754 305 1794 quo
326 1741 505 1781 fremitu
526 1745 787 1780 monstratos
809 1741 999 1794 perferat
1020 1741 1134 1781 ictus

60 1810 103 1847 et
123 1810 286 1860 quanto
306 1806 450 1859 galeae
472 1809 676 1846 curvetur
697 1807 899 1859 pondere,
925 1810 1087 1859 quanta

59 1871 295 1924 poplitibus
317 1871 461 1911 sedeat
484 1884 611 1923 quam
633 1871 763 1911 denso
784 1871 917 1911 fascia
936 1871 1060 1919 libro,

60 1939 103 1976 et
123 1936 213 1976 ride
234 1936 385 1989 positis
405 1936 629 1989 scaphium
650 1950 749 1976 cum
771 1936 957 1976 sumitur
977 1936 1118 1976 armis.

59 2000 191 2042 dicite
212 2014 286 2041 vos
307 2005 457 2054 neptes
480 2001 632 2054 Lepidi
654 2002 821 2042 caecive
845 2001 1008 2041 Metelli

60 2065 255 2120 Gurgitis
276 2071 352 2106 aut
373 2066 509 2114 Fabii,
534 2079 642 2119 quae
663 2067 782 2106 ludia
804 2066 1033 2119 sumpserit
1055 2080 1258 2120 umquam

59 2130 136 2172 hos
155 2131 343 2180 habitus,
368 2131 540 2184 quando
560 2132 614 2171 ad
634 2131 779 2184 palum
800 2135 944 2184 gemat
965 2145 1070 2171 uxor
1092 2133 1225 2185 Asyli.

114 2209 279 2249 semper
299 2197 428 2237 habet
447 2196 547 2237 lites
567 2197 817 2250 alternaque
840 2197 979 2249 iurgia
999 2197 1137 2237 lectus

60 2260 104 2300 in
125 2275 209 2314 quo
232 2266 368 2314 nupta
389 2261 514 2310 iacet,
539 2262 767 2302 minimum
791 2263 1004 2302 dormitur
1026 2262 1070 2302 in
1092 2262 1182 2303 illo.

59 2327 165 2366 tunc
186 2327 326 2379 gravis
347 2327 419 2366 illa
440 2327 544 2375 viro,
571 2332 675 2367 tunc
697 2329 798 2367 orba
818 2328 973 2379 tigride
995 2327 1125 2380 peior,

61 2403 159 2430 cum
179 2391 353 2431 simulat
374 2392 561 2443 gemitus
582 2393 740 2432 occulti
764 2393 932 2432 conscia
954 2392 1073 2440 facti,

59 2459 136 2496 aut
157 2456 249 2496 odit
268 2469 435 2510 pueros,
460 2461 535 2497 aut
557 2457 658 2497 ficta
677 2457 839 2511 paelice
860 2457 1015 2511 plorat,

1484 142 1535 184 37

1454 373 1533 411 240

1453 700 1529 738 245

1452 1027 1530 1064 250

1452 1353 1527 1390 255

1449 1678 1527 1716 260

1447 2331 1524 2370 270
