1778 2693
746 113 922 142 SATVRA
954 113 1036 141 XVI

155 214 302 253 contra
321 225 534 265 paganum
557 213 686 265 possis
708 227 834 265 quam
858 227 952 253 vera
973 214 1213 265 loquentem

154 282 302 317 contra
320 278 538 317 fortunam
559 278 708 317 armati
730 282 960 331 contraque
981 279 1201 332 pudorem.

207 342 392 395 praemia
413 356 527 382 nunc
547 343 628 382 alia
648 346 774 395 atque
794 344 876 383 alia
896 344 1183 384 emolumenta
1202 348 1396 386 notemus

154 410 523 447 sacramentorum.
587 408 819 448 convallem
841 409 951 449 ruris
971 409 1072 449 aviti

153 472 370 525 improbus
390 476 464 512 aut
484 486 682 525 campum
704 473 809 513 mihi
832 474 864 513 si
887 474 1050 514 vicinus
1069 475 1228 515 ademit

152 541 195 578 et
215 551 378 578 sacrum
399 538 548 578 effodit
569 539 706 578 medio
729 539 779 578 de
802 539 938 579 limite
958 553 1120 588 saxum,

154 603 266 655 quod
288 616 379 643 mea
399 617 496 643 cum
518 604 663 656 patulo
685 604 816 644 coluit
836 605 933 657 puls
952 618 1095 645 annua
1115 606 1213 654 libo,

153 668 317 708 debitor
337 671 411 708 aut
431 672 622 721 sumptos
642 670 781 722 pergit
802 683 889 709 nou
908 670 1082 710 reddere
1102 684 1300 712 nummos

153 746 259 773 vana
279 734 525 786 supervacui
547 735 690 774 dicens
710 735 991 787 chirographa
1012 735 1132 787 ligni,

152 800 438 851 expectandus
459 799 539 839 erit
561 800 632 852 qui
655 800 748 840 lites
770 800 940 840 inchoet
960 814 1097 841 annus

153 864 284 903 totius
304 864 463 917 populi.
526 865 595 904 sed
618 867 721 905 tunc
743 879 909 917 quoque
930 866 1045 906 mille
1066 867 1240 907 ferenda

153 929 303 976 taedia,
328 930 445 969 mille
466 943 624 979 morae3
657 930 812 970 totiens
833 931 1029 970 subsellia
1050 934 1219 972 tantum

152 997 416 1043 sternuntur,
440 995 523 1034 iam
544 995 729 1035 facundo
750 1000 935 1048 ponente
956 996 1140 1036 lacernas

154 1059 347 1099 Caedicio
367 1063 410 1099 et
430 1060 565 1099 Fusco
587 1060 669 1099 iam
692 1060 966 1101 micturiente
986 1061 1122 1114 parati

152 1124 428 1176 digredimur,
452 1125 650 1177 lentaque
671 1125 752 1165 fori
774 1139 1014 1178 pugnamus
1035 1126 1205 1166 harena.

151 1192 215 1229 ast
234 1189 318 1229 illis
339 1203 442 1242 quos
462 1204 577 1230 arma
598 1193 752 1242 tegunt
772 1194 814 1230 et
835 1191 998 1231 balteus
1019 1191 1165 1239 ambit,

152 1255 264 1307 quod
285 1255 489 1308 placitum
511 1258 574 1294 est
593 1255 694 1308 ipsis
714 1259 953 1308 praestatur
974 1259 1142 1308 tempus
1161 1258 1328 1309 agendi,

151 1333 228 1359 nec
247 1333 311 1360 res
331 1320 528 1359 atteritur
547 1321 673 1373 longo
694 1321 929 1361 sufflamine
951 1321 1050 1361 litis.

205 1384 302 1424 solis
322 1388 534 1437 praeterea
554 1386 736 1425 testandi
760 1386 966 1426 militibus
987 1386 1052 1426 ius

151 1450 245 1489 vivo
267 1453 385 1503 patre
406 1451 546 1490 datur.
607 1464 705 1490 nam
727 1464 832 1503 quae
854 1455 954 1491 sunt
973 1454 1095 1504 parta
1114 1453 1254 1492 labore

150 1515 340 1563 militiae,
366 1515 526 1568 placuit
545 1529 632 1556 non
652 1529 736 1556 esse
758 1516 801 1555 in
823 1530 993 1569 corpore
1014 1530 1175 1565 census,

149 1593 274 1620 omne
294 1583 411 1620 tenet
431 1581 552 1620 cuius
572 1581 759 1634 regimen
781 1584 914 1634 pater„
974 1596 1073 1634 ergo
1096 1582 1307 1623 Coranum

150 1646 367 1698 signorum
389 1646 586 1686 comitem
609 1650 926 1699 castrorumque
946 1661 1040 1688 aera
1061 1652 1295 1688 merentem

152 1710 342 1763 quamvis
363 1711 445 1750 iam
468 1712 675 1751 tremulus
696 1715 838 1765 captat
858 1716 996 1765 pater3
1027 1713 1144 1753 hunc
1159 1714 1279 1753 favor
1298 1727 1459 1766 aequus

151 1776 344 1829 provehit
364 1779 406 1816 et
426 1777 605 1829 pulchro
625 1778 766 1817 reddit
786 1791 861 1818 sua
881 1779 991 1818 dona
1011 1778 1154 1819 labori.

150 1841 282 1893 ipsius
302 1844 413 1882 certe
434 1842 554 1882 ducis
573 1842 652 1882 hoc
673 1843 827 1883 referre
850 1843 1017 1883 videtur

152 1909 200 1945 ut
221 1906 293 1959 qui
314 1907 438 1947 fortis
457 1907 552 1955 erit,
577 1907 632 1947 sit
652 1908 920 1948 felicissimus
941 1909 1067 1957 idem,

151 1974 200 2011 ut
219 1971 319 2011 laeti
339 1972 522 2026 phaleris
543 1986 687 2013 omnes
707 1977 750 2014 et
770 1974 1007 2026 torquibus,
1032 1987 1176 2014 omnes

782 2081 803 2105 ³1<
889 2080 912 2105 ³1<

835 2110 858 2133 >k

1545 116 1618 159 115

1571 675 1622 713 40

1570 1328 1620 1364 50

1568 1980 1618 2018 60
