1778 2693
147 125 197 166 32
632 124 673 152 J).
709 124 836 152 IVNII
868 124 1120 154 IVVENALIS

145 227 421 267 chironomon
445 224 604 264 Ledam
625 224 742 264 molli
764 225 946 264 saltante
969 224 1168 277 Bathyllo

146 291 304 331 Tuccia
326 290 486 329 vesicae
508 303 593 328 non
616 289 810 341 imperat,
837 289 979 341 Apula
1000 290 1152 341 gannit

144 357 253 396 sicut
278 357 320 395 in
342 355 538 407 amplexu
563 354 703 394 subito
726 358 768 393 et
790 354 1028 394 miserabile
1048 355 1240 408 longum,

143 421 330 461 attendit
353 419 580 472 Thymele3
611 419 816 471 Thymele
838 424 942 459 tunc
964 420 1124 459 rustica
1144 421 1282 461 discit.

143 490 207 526 ast
229 486 348 533 aliae,
374 484 570 537 quotiens
592 484 739 523 aulaea
760 485 982 524 recondita
1009 488 1174 524 cessant

143 556 183 590 et
207 564 338 590 vacuo
362 550 564 601 clusoque
587 554 741 588 sonant
763 550 856 589 fora
878 550 965 589 sola
986 550 1210 589 theatro—

143 623 270 668 atque
292 630 315 655 a
335 615 495 667 plebeis
516 615 642 666 longe
666 614 1094 666 Megalesia—tristes

142 695 365 733 personam
388 681 668 732 thyrsumque
691 683 841 718 tenent
863 683 905 718 et
936 680 1123 731 subligar
1145 680 1262 720 Acci.

146 746 325 785 Vrbicus
347 745 497 784 exodio
519 744 650 783 risum
671 748 813 783 movet
835 744 1059 783 Atellanae

142 811 331 862 gestibus
354 810 589 856 Autonoes,
614 809 729 848 hune
752 809 894 861 diligit
917 808 1040 847 Aelia
1060 822 1234 861 pauper.

143 876 322 915 solvitur
343 875 409 914 his
431 887 586 926 magno
609 874 800 913 comoedi
823 875 966 921 fibula,
993 878 1094 913 sunt
1115 887 1222 926 quae

145 941 470 992 Chrysogonum
493 947 664 978 eantare
687 943 847 986 vetent,
874 939 1075 991 Hispulla
1096 939 1299 990 tragoedo

142 1006 301 1057 gaudet
322 1019 329 1044 :
361 1018 413 1044 an
436 1008 632 1056 expectas
653 1007 701 1043 ut
724 1004 1016 1052 Quintilianus
1037 1006 1204 1043 ametur
1227 1003 1244 1043 Ρ

143 1070 299 1122 accipis
322 1083 494 1108 uxorem
517 1069 568 1108 de
590 1082 673 1121 qua
694 1069 967 1108 citharoedus
989 1069 1154 1108 Echion

143 1138 218 1174 aut
242 1135 482 1186 Glaphyrus
504 1135 577 1172 fiat
598 1139 719 1186 pater
742 1134 1075 1185 Ambrosiusque
1097 1133 1330 1174 choraules.

142 1201 270 1252 longa
290 1213 365 1252 per
386 1205 589 1251 angustos
611 1200 789 1250 figamus
811 1199 979 1251 pulpita
1000 1199 1128 1246 vicos,

144 1269 351 1304 ornentur
372 1271 513 1316 postes
535 1268 577 1303 et
599 1264 750 1314 grandi
772 1263 899 1303 ianua
918 1264 1052 1311 lauro,

145 1334 193 1369 ut
215 1329 459 1368 testudineo
482 1328 575 1375 tibi,
604 1328 802 1375 Lentule,
828 1341 1015 1380 conopeo

144 1394 298 1433 nobilis
321 1393 557 1445 Euryalum
578 1396 653 1432 aut
675 1393 993 1432 murmillonem
1016 1393 1225 1445 exprimat
1246 1393 1401 1432 infans.

144 1463 281 1511 nupta
302 1458 487 1498 senatori
510 1458 714 1497 comitata
739 1461 802 1497 est
825 1458 963 1510 Eppia
982 1459 1135 1497 ludum

145 1525 198 1564 ad
221 1524 390 1563 Pharon
413 1526 455 1562 et
477 1523 628 1562 Nilum
649 1523 896 1575 famosaque
918 1523 1086 1563 moenia
1106 1523 1212 1575 Lagi

145 1589 340 1642 prodigia
361 1592 403 1627 et
424 1601 561 1627 mores
583 1587 700 1627 urbis
722 1588 953 1627 damnante
977 1588 1159 1640 Canopo.

146 1654 354 1693 inmemor
376 1653 448 1692 illa
469 1653 620 1692 domus
643 1656 684 1692 et
707 1653 901 1704 coniugis
922 1656 1050 1705 atque
1072 1653 1225 1693 sororis

146 1719 206 1757 nil
228 1718 390 1770 patriae
411 1717 607 1765 indulsit,
632 1718 934 1769 plorantesque
956 1718 1149 1770 improba
1170 1721 1305 1766 natos,

147 1788 280 1835 utque
301 1783 434 1835 magis
456 1786 641 1835 stupeas,
665 1782 788 1822 ludos
811 1782 1092 1835 Paridemque
1112 1783 1299 1835 reliquit.

148 1849 218 1887 sed
241 1861 498 1900 quamquam
519 1847 563 1886 in
585 1847 751 1899 magnis
772 1847 923 1899 opibus
943 1847 1173 1899 plumaque
1194 1850 1373 1899 paterna

148 1916 190 1952 et
211 1912 489 1964 segmentatis
511 1912 735 1951 dormisset
756 1912 931 1964 parvula
953 1912 1088 1960 cunis,

149 1977 406 2029 contempsit
427 1977 602 2030 pelagus
621 1992 631 2026 3
662 1977 820 2016 famam
842 1980 1157 2029 contempserat
1183 1977 1298 2024 olim,

149 2043 269 2082 cuius
291 2042 405 2094 apud
426 2042 573 2081 molles
595 2042 771 2081 minima
792 2045 854 2081 est
876 2042 1040 2081 iactura
1061 2042 1296 2081 cathedras.

150 2107 391 2158 Tyrrhenos
414 2106 547 2158 igitur
569 2107 724 2145 fluctus
747 2107 919 2158 lateque
940 2110 1163 2146 sonantem

150 2171 329 2223 pertulit
352 2170 522 2210 Ionium
545 2171 759 2210 constanti
782 2174 967 2223 pectore,
993 2171 1185 2223 quamvis

151 2236 406 2275 mutandum
431 2236 590 2275 totiens
612 2240 720 2275 esset
742 2249 868 2274 mare.
930 2235 1044 2274 iusta
1064 2235 1212 2287 pericli

151 2301 183 2339 si
207 2301 314 2339 ratio
336 2304 399 2339 est
421 2304 463 2339 et
483 2300 675 2347 honesta,
702 2301 858 2339 timent
879 2300 1117 2352 pavidoque
1138 2299 1337 2351 gelantur

151 2368 322 2416 pertore
343 2379 420 2404 nee
442 2365 637 2404 tremulis
658 2369 838 2417 possunt
859 2365 1056 2404 insistere
1077 2364 1237 2416 plantis
1258 2379 1265 2403 :

152 2430 309 2471 fortem
329 2430 521 2470 animum
541 2433 760 2489 praestant
780 2430 906 2470 rebus
928 2442 1031 2483 quas
1051 2429 1237 2481 turpiter
1265 2430 1438 2471 audent.

1550 358 1600 396 65

1550 682 1602 722 ’70

1551 1006 1600 1046 ’75

1551 1330 1602 1368 80

1552 1655 1601 1693 85

1553 1979 1604 2016 90

1554 2301 1604 2338 95
