1778 2693
138 165 183 195 12
620 162 659 191 D.
696 162 822 190 IVNII
856 137 1107 190 IV‘VENALIS

131 265 204 311 ire,
229 264 431 316 fatigatas
453 262 524 302 ubi
547 261 761 302 Daedalus
783 262 901 301 exuit
923 261 1022 309 alas,

131 329 232 368 dum
254 341 362 368 nova
379 328 569 374 canities,
595 327 697 366 dum
718 326 856 378 prima
877 330 919 365 et
940 330 1056 365 recta
1077 329 1287 373 senectus,

131 394 233 432 dum
255 396 446 445 superest
469 391 645 431 Lachesi
668 391 781 443 quod
803 394 1015 443 torqueat,
1042 394 1084 430 et
1105 391 1284 443 pedibus
1304 403 1371 429 me

131 462 253 509 porto
275 457 378 496 meis
400 457 518 495 nullo
541 456 735 495 dextram
759 456 969 495 subeunte
992 456 1158 495 bacillo.

130 523 328 562 cedamus
350 521 500 574 patria.
563 520 709 559 vivant
735 520 932 559 Artorius
955 520 1051 559 istic

130 591 171 626 et
195 587 388 634 Catulus,
414 589 613 624 maneant
636 585 707 637 qui
730 585 899 636 nigrum
925 585 969 623 in
991 584 1172 624 candida
1193 586 1382 633 vertunt,

129 653 223 704 quis
246 652 370 691 facile
392 655 453 691 est
476 651 622 690 aedem
646 650 884 689 conducere
908 650 1084 689 flumina
1105 652 1268 701 portus,

129 717 369 756 siccandam
391 715 588 761 eluviem,
613 715 874 767 portandum
897 715 949 753 ad
971 714 1097 753 busta
1119 714 1311 761 cadaver,

129 784 170 820 ct
191 782 390 833 praebere
413 784 542 832 caput
565 780 738 819 domina
759 779 906 818 venale
929 779 1006 818 sub
1028 779 1163 818 hasta.

129 847 342 898 quondam
363 846 406 884 hi
428 845 664 885 cornicines
685 848 727 883 et
748 844 1018 896 municipalis
1039 843 1221 883 harenae

128 911 323 962 perpetui
346 910 521 949 comites
543 913 754 960 notaeque
776 922 850 960 per
872 908 1028 960 oppida
1048 908 1221 955 buccae,

128 988 304 1014 munera
325 987 440 1013 nunc
463 974 597 1013 edunt
619 977 661 1013 et-
682 986 802 1013 verso
824 973 978 1025 pollice
1000 972 1156 1024 vulgus

128 1044 226 1079 cum
247 1039 380 1087 iubet,
405 1039 609 1078 occidunt
630 1038 895 1090 populariter
914 1051 924 1087 3
954 1037 1054 1076 inde
1075 1036 1230 1076 reversi

128 1104 377 1144 conducunt
398 1103 567 1150 foricas,
592 1106 634 1142 et
656 1116 731 1142 cur
752 1115 838 1141 non
860 1101 1002 1141 omnia
1021 1101 1039 1141 Ρ
1095 1115 1192 1141 cum
1214 1101 1315 1150 sint,

128 1169 272 1220 quales
293 1181 343 1207 ex
364 1168 516 1206 humili
539 1180 694 1219 magna
715 1167 768 1206 ad
789 1166 963 1218 fastigia
984 1179 1129 1205 rerum

128 1233 295 1272 extollit
317 1233 515 1285 quotiens
536 1232 673 1271 voluit
695 1232 888 1271 Fortuna
910 1230 1051 1270 iocari.

128 1298 231 1350 quid
253 1298 408 1337 Romae
430 1297 585 1336 faciam
605 1296 622 1335 Ρ
678 1295 851 1335 mentiri
874 1295 1040 1344 nesci03
1070 1294 1242 1343 librum,

128 1362 160 1401 si
183 1362 319 1402 malus
341 1365 418 1409 est,
442 1374 607 1413 nequeo
627 1361 804 1399 laudare
827 1363 868 1399 et
890 1372 1062 1411 poscere
1083 1373 1093 1408 ;
1123 1363 1266 1399 motus

127 1430 338 1466 astrorum
358 1426 508 1478 ignoro
529 1440 540 1475 3
570 1426 702 1464 funus
724 1425 974 1477 promittere
995 1423 1129 1475 patris

127 1505 204 1531 nec
226 1491 320 1530 volo
341 1504 418 1530 nec
439 1504 611 1543 possum
631 1504 641 1540 3
671 1503 873 1529 ranarum
895 1489 1054 1528 viscera
1075 1501 1312 1540 numquam

128 1556 292 1608 inspexi
312 1570 321 1605 3
351 1556 462 1595 ferre
484 1556 537 1595 ad
558 1558 739 1607 nuptam
761 1568 867 1606 quac
889 1553 1026 1592 mittit
1047 1553 1230 1600 adulter,

129 1634 235 1673 quae
256 1621 446 1667 mandat,
471 1623 632 1659 norunt
653 1620 723 1659 alii
746 1634 755 1668 3
788 1632 853 1657 me
876 1631 998 1657 nemo
1021 1618 1217 1657 ministro

128 1686 199 1724 fur
220 1685 314 1732 erit,
339 1689 468 1737 atque
488 1685 583 1723 ideo
602 1684 708 1723 nulli
734 1697 872 1723 comes
895 1696 995 1722 exeo
1018 1685 1236 1734 tamquam

129 1763 304 1789 mancus
325 1753 368 1789 et
389 1749 617 1797 extinctae,
644 1761 795 1800 corpus
818 1761 903 1787 non
926 1747 1046 1794 utile,
1072 1747 1258 1786 dextrae.

129 1815 222 1866 quis
244 1828 360 1853 nunc
383 1813 580 1866 diligitur
602 1813 683 1852 nisi
706 1812 901 1852 conscius
923 1814 965 1851 et
987 1811 1055 1851 cui
1077 1811 1246 1850 fervens

129 1882 295 1918 aestuat
317 1879 497 1919 occultis
518 1879 685 1917 animus
707 1890 955 1929 semperque
977 1875 1169 1915 tacendis
1188 1875 1205 1915 ?

130 1944 188 1982 nil
212 1943 289 1982 tibi
311 1957 353 1983 se
375 1943 527 1983 debere
548 1948 688 1995 putat,
713 1942 774 1981 nil
798 1942 991 1981 conferet
1014 1953 1232 1992 umquam,

129 2008 381 2060 participem
404 2008 476 2060 qui
498 2011 540 2047 te
562 2008 712 2047 secreti
733 2007 839 2046 fecit
860 2005 1029 2045 honesti
1051 2019 1058 2044 :

130 2086 251 2112 carus
273 2073 352 2112 erit
374 2073 512 2120 Verri,
537 2073 609 2124 qui
632 2073 808 2112 Verrem
831 2074 1023 2122 tempore
1046 2082 1130 2122 quo
1150 2069 1246 2108 vult

130 2150 326 2177 accusare
348 2140 502 2189 potest.
564 2137 675 2176 tanti
696 2137 774 2176 tibi
797 2149 883 2175 non
905 2135 961 2174 sit
982 2134 1102 2187 opaci

130 2202 267 2241 omnis
289 2202 446 2241 harena
467 2202 573 2254 Tagi
595 2202 793 2253 quodque
814 2201 858 2240 in
881 2213 995 2239 mare
1015 2199 1204 2239 volvitur
1224 2212 1391 2247 aurum,

131 2270 179 2305 ut
201 2279 348 2306 somno
374 2279 515 2305 careas
537 2266 820 2318 ponendaque
842 2264 1030 2317 praemia
1051 2277 1193 2303 sumas

130 2331 265 2370 tristis
287 2334 329 2370 et
349 2344 373 2370 a
394 2343 547 2382 magno
569 2343 733 2382 semper
754 2329 943 2369 timearis
965 2328 1114 2368 amico.

185 2408 291 2448 quae
312 2408 426 2434 nunc
449 2395 654 2434 divitibus
675 2407 778 2446 gens
799 2393 1094 2445 acceptissima
1114 2392 1285 2440 nostris,

130 2462 173 2499 et
194 2472 299 2512 quos
319 2459 547 2513 praecipue
568 2459 748 2511 fugiam,
771 2457 1006 2510 properabo
1027 2456 1170 2505 fateri,

1535 260 1586 300 25

1535 585 1587 624 30

1532 907 1586 946 35

1532 1230 1588 1270 40

1533 1554 1587 1593 45

1535 1877 1588 1916 50

1533 2200 1584 2240 55

1756 2411 1765 2495 ’,νυ
1760 2395 1762 2402 .
