1778 2693
187 114 238 151 82
679 120 718 147 D.
755 119 881 147 1vxn
912 119 1164 148 IVVENALIS

186 221 340 261 multos
362 233 485 273 porro
507 220 632 267 vides,
659 233 760 271 quos
781 232 898 271 saepe
920 219 1060 260 clusus
1080 221 1132 260 ad
1153 221 1292 273 ipsum

184 287 364 330 creditor
390 285 611 324 introitum
635 284 737 323 solet
758 288 974 336 expectare
995 286 1172 334 macelli,

183 360 224 395 et
246 353 396 406 quibus
417 351 460 389 in
484 350 569 389 solo
593 348 759 388 vivendi
781 361 903 388 causa
924 350 1063 402 palato
1083 354 1156 391 est.

183 419 372 471 egregius
393 421 513 456 cenat
536 414 767 466 meliusque
788 414 1045 455 miserrimus
1065 416 1216 456 horum

183 493 223 524 et
244 485 326 523 cito
347 495 517 522 casurus
540 480 619 519 iam
644 479 886 532 perlucente
907 480 1042 520 ruina.

183 551 341 589 interea
361 550 508 599 gustus
532 545 738 585 elementa
758 557 833 597 per
853 545 994 584 omnia
1014 552 1222 598 quaerunt

183 627 415 666 numquam
437 612 577 651 animo
600 611 745 664 pretiis
768 611 1033 663 opstantibus
1042 625 1052 660 ;
1083 611 1261 651 interius
1280 612 1313 650 si

182 680 397 726 adtendas,
423 678 554 730 magis
575 678 647 717 illa
668 677 816 716 iuvant
836 690 940 729 quae
960 677 1093 729 pluris
1113 680 1318 716 ementur.

182 758 279 796 ergo
300 744 404 784 haut
426 743 594 782 difficile
617 745 679 782 est
701 742 932 794 perituram
953 755 1153 782 arcessere
1174 753 1381 780 summam

182 810 370 850 lancibus
390 808 592 860 oppositis
615 807 678 847 vel
701 807 848 846 matris
869 807 1052 859 imagine
1072 807 1220 853 fracta,

182 880 224 914 et
245 873 563 927 quadringentis
587 872 772 911 nummis
802 872 972 911 condire
993 870 1188 923 gulosum

183 939 330 988 fictile3
362 937 419 978 sic
443 938 617 977 veniunt
638 937 690 976 ad
713 936 969 976 miscillanea
989 936 1092 976 ludi.

182 1005 312 1044 refert
333 1016 431 1055 ergo
452 1002 543 1055 quis
564 1002 666 1041 haec
687 1002 832 1041 eadem
853 1004 989 1053 paret3
1021 1001 1066 1040 in
1086 1001 1231 1040 Rutilo
1251 1014 1350 1040 nam

183 1068 350 1108 luxuria
369 1070 443 1114 est,
468 1067 512 1106 in
535 1066 739 1106 Ventidio
762 1066 967 1105 laudabile
988 1079 1141 1105 nomen

183 1133 313 1173 sumit
332 1136 374 1172 et
394 1145 417 1172 a
437 1145 563 1171 censu
586 1132 743 1170 famam
765 1131 909 1169 trahit.
969 1130 1090 1169 illum
1111 1143 1186 1181 ego
1207 1129 1296 1168 iure

184 1197 423 1250 despiciam,
449 1196 520 1248 qui
541 1196 619 1235 scit
641 1198 799 1248 quanto
828 1194 1045 1234 sublimior
1065 1194 1216 1233 Atlans

184 1263 376 1303 omnibus
398 1262 441 1300 in
464 1261 595 1312 Libya
616 1261 670 1300 sit
691 1259 921 1307 montibus,
946 1259 1014 1299 hic
1035 1262 1174 1298 tamen
1197 1259 1309 1298 idem

184 1328 350 1379 ignoret
371 1328 579 1378 quantum
601 1326 758 1365 ferrata
779 1325 906 1364 distet
925 1325 976 1364 ab
996 1338 1090 1364 arca

185 1392 386 1433 sacculus.
448 1404 469 1430 e
489 1390 600 1430 caelo
622 1390 839 1430 descendit
856 1390 966 1441 γνῶθι
986 1391 1138 1428 σεαυτὸν

185 1458 399 1509 figendum
421 1459 463 1496 et
483 1456 657 1496 memori
680 1457 947 1496 tractandum
970 1459 1150 1508 pectore,
1174 1454 1259 1494 sive

184 1522 430 1574 coniugium
453 1535 624 1573 quaeras
645 1521 708 1561 vel
730 1521 833 1561 sacri
855 1521 899 1560 in
920 1524 1038 1573 parte
1058 1522 1225 1559 senatus

185 1601 270 1627 esse
291 1587 582 1639 velis—neque
603 1586 716 1626 enim
737 1586 908 1626 loricam
928 1586 1062 1638 poscit
1082 1584 1262 1624 Achillis

186 1652 413 1699 Thersites,
439 1651 483 1690 in
506 1664 588 1703 qua
607 1665 649 1691 se
669 1652 915 1691 traducebat
935 1650 1134 1690 Vlixes—

184 1717 412 1769 ancipitem
434 1730 505 1756 seu
528 1720 574 1755 tu
596 1729 749 1768 magno
770 1716 1011 1756 discrimine
1031 1727 1197 1754 causam

184 1786 401 1834 protegere
422 1781 622 1828 adfectas,
647 1785 688 1820 te
708 1781 892 1827 consule,
916 1780 983 1819 dic
1005 1779 1082 1818 tibi
1104 1778 1176 1831 qui
1198 1778 1266 1826 sis,

185 1850 323 1886 orator
344 1846 566 1886 vehemens
586 1859 639 1885 an
662 1845 834 1885 Curtius
854 1848 896 1884 et
918 1844 1064 1883 Matho
1084 1843 1253 1883 buccae.

185 1911 394 1950 noscenda
414 1914 476 1950 est
496 1923 690 1949 mensura
711 1909 773 1948 sui
795 1909 1102 1961 spectandaque
1122 1907 1243 1946 rebus

185 1976 229 2014 in
250 1975 424 2014 summis
445 1974 730 2025 minimisque,
754 1974 881 2013 etiam
902 1986 996 2012 cum
1019 1972 1144 2024 piscis
1163 1973 1340 2018 emetur,

185 2054 236 2079 ne
256 2040 438 2079 mullum
460 2039 617 2091 cupias,
642 2052 738 2078 cum
759 2038 813 2077 sit
833 2038 909 2077 tibi
930 2037 1053 2089 gobio
1074 2039 1242 2076 tantum

184 2105 227 2143 in
248 2104 408 2144 loculis.
472 2104 565 2156 quis
585 2103 696 2143 enim
718 2106 759 2143 te
780 2103 999 2142 deficiente
1019 2101 1211 2141 crumina

183 2174 224 2208 et
245 2173 454 2208 crescente
475 2169 574 2220 gula
595 2171 736 2207 manet
755 2168 906 2215 exitus,
929 2180 1020 2206 aere
1040 2169 1215 2218 paterno

183 2247 230 2273 ac
251 2234 371 2272 rebus
393 2234 536 2273 mersis
558 2233 601 2272 in
622 2239 812 2272 ventrem
833 2232 1013 2271 faenoris
1032 2234 1159 2282 atque

183 2299 345 2349 argenti
367 2299 503 2350 gravis
524 2302 565 2338 et
586 2311 783 2350 pecorum
804 2309 1083 2349 agrorumque
1103 2307 1296 2346 capacem
1310 2295 1329 2332 ἶ)

183 2363 337 2401 talibus
359 2376 380 2402 a
403 2363 583 2402 dominis
604 2366 697 2414 post
716 2369 868 2402 cuncta
887 2361 1136 2401 novissimus
1155 2358 1241 2398 exit

182 2427 348 2474 anulus,
373 2428 415 2466 et
435 2426 569 2479 digito
590 2426 800 2466 mendicat
823 2425 956 2465 Pollio
977 2424 1103 2464 nudo.

1594 287 1644 326 10

1593 611 1642 650 15

1591 936 1642 974 20

1591 1259 1642 1296 25

1591 1585 1644 1623 30

1591 1908 1643 1946 35

1589 2229 1641 2268 40
