1778 2693
183 126 236 168 92
671 125 711 152 Ι).
748 124 873 152 IVNII
905 123 1155 153 IVVENALIS

649 494 824 534 LIBER
864 494 1120 543 QVINTVS

745 634 939 668 SATVRA
970 635 1061 667 XIII

180 744 386 796 Exemplo
407 745 701 796 quodcumque
722 744 831 784 malo
851 745 1148 793 committitur,
1171 745 1251 798 ipsi

179 809 372 861 displicet
391 809 564 848 auctori.
626 809 761 861 prima
781 812 843 848 est
863 809 964 848 haec
984 810 1091 849 ultio
1113 811 1223 862 quod
1245 823 1286 850 se

179 875 316 914 iudice
337 887 459 914 nemo
479 887 632 914 nocens
652 873 895 922 absolvitur,
914 874 1105 926 improba
1125 875 1315 926 quamvis

178 939 313 991 gratia
332 939 468 978 fallaci
492 938 695 991 praetoris
716 938 861 978 vicerit
884 952 1000 978 urna.

179 1005 280 1057 quid
302 1004 455 1044 sentire
475 1007 598 1056 putas
619 1017 775 1051 omneS,
801 1003 989 1052 Calvine,
1013 1004 1169 1044 receuti

178 1070 229 1109 de
249 1070 398 1109 scelere
420 1072 462 1109 et
484 1069 579 1109 fidei
601 1069 775 1108 violatae
797 1069 972 1109 crimine
986 1071 1004 1108 ’ἓ
1060 1070 1130 1109 sed
1151 1082 1228 1110 nec

178 1138 264 1174 tam
287 1135 424 1174 tenuis
444 1148 590 1174 census
611 1134 687 1173 tibi
707 1134 901 1185 contigit,
926 1138 974 1173 ut
995 1134 1215 1185 mediocris

178 1200 360 1239 iacturae
381 1204 422 1239 te
442 1202 603 1251 mergat
623 1213 741 1246 onus,
766 1212 842 1238 nec
863 1213 955 1239 rara
974 1199 1165 1239 videmus

179 1278 282 1317 quae
302 1265 474 1317 pateris3
506 1278 622 1303 casus
642 1264 788 1303 multis
807 1264 876 1303 hic
896 1264 1091 1316 cognitus
1111 1278 1156 1304 ac
1177 1264 1260 1304 iam

178 1330 304 1369 tritus
323 1332 364 1369 et
384 1343 406 1369 e
427 1330 564 1369 medio
584 1330 780 1368 fortunae
801 1329 955 1368 ductus
975 1342 1134 1369 acervo.

175 1408 381 1447 ponamus
401 1394 552 1434 nimios
572 1394 770 1446 gemitus.
830 1394 1074 1446 flagrantior
1092 1408 1225 1446 aequo

175 1473 261 1500 non
283 1460 405 1499 debet
424 1460 542 1499 dolor
561 1473 646 1499 esse
666 1459 745 1498 viri
767 1473 841 1498 nec
864 1459 1033 1498 vulnere
1054 1459 1199 1499 maior.

175 1528 223 1564 tu
245 1525 435 1577 quamvis
455 1524 612 1563 levium
633 1524 852 1563 minimam
873 1524 1151 1576 exiguamque
1172 1525 1379 1564 malorum

173 1590 424 1642 particulam
446 1589 515 1628 vix
534 1591 644 1629 ferre
665 1593 781 1641 potes
802 1589 1097 1642 spumantibus
1116 1590 1265 1629 ardens

174 1655 413 1702 visceribus,
437 1667 601 1694 sacrum
622 1654 699 1693 tibi
721 1655 833 1705 quod
855 1667 940 1693 non
961 1655 1109 1694 reddat
1129 1654 1288 1694 amicus

173 1720 411 1772 depositum
426 1721 445 1758 ⁴?
501 1722 642 1771 stupet
662 1719 762 1758 haec
783 1719 856 1771 qui
878 1719 959 1758 iam
981 1722 1075 1771 post
1095 1722 1212 1770 terga
1231 1719 1402 1771 reliquit

172 1785 388 1838 sexaginta
407 1798 538 1824 annos
559 1784 736 1824 Fonteio
757 1784 925 1824 consule
946 1787 1070 1823 natus
1084 1785 1103 1823 ’ἓ

172 1864 223 1890 an
246 1850 354 1888 nihil
375 1849 419 1888 in
441 1849 591 1889 melius
610 1852 674 1888 tot
694 1862 834 1888 rerum
855 1849 1021 1901 proficit
1041 1863 1119 1888 usu
1135 1851 1154 1888 ‘?

172 1928 325 1967 magna
346 1914 532 1966 quidem,
556 1914 680 1953 sacris
701 1927 807 1966 quae
829 1914 901 1954 dat
921 1917 1140 1966 praecepta
1159 1914 1324 1962 libellis,

172 1979 324 2019 victrix
343 1979 541 2019 fortunae
562 1979 779 2030 sapientia,
804 1979 998 2018 ducimus
1017 1982 1159 2018 autem

172 2044 246 2084 hos
269 2057 435 2095 quoque
456 2044 612 2090 felices,
637 2043 708 2095 qui
730 2044 839 2083 ferre
860 2043 1125 2083 incommoda
1145 2043 1254 2084 vitae

172 2122 247 2148 nec
270 2109 420 2148 iactare
442 2108 590 2160 iugum
612 2108 699 2147 vita
719 2108 901 2147 didicere
922 2107 1134 2160 magistra.

174 2187 279 2226 quae
300 2176 386 2212 tam
406 2174 513 2212 festa
533 2173 634 2221 dies,
658 2176 708 2212 ut
727 2176 857 2212 cesset
876 2173 1050 2224 prodere
1070 2174 1209 2213 furem

172 2239 391 2291 perfidiam
413 2239 582 2277 fraudes
603 2241 728 2289 atque
749 2237 862 2277 omni
883 2251 933 2277 ex
954 2237 1129 2276 crimine
1148 2237 1314 2276 lucrum

174 2303 410 2355 quaesitum
431 2307 473 2343 et
494 2307 632 2356 partos
653 2303 791 2355 gladio
813 2303 876 2341 vel
899 2303 1050 2355 pyxide
1071 2303 1297 2341 nummos?

172 2369 253 2408 rari
277 2368 432 2421 quippe
451 2368 570 2408 boni:
601 2382 789 2415 numera,
814 2367 883 2407 vix
904 2370 1003 2407 sunt
1023 2367 1200 2407 totidem
1224 2369 1326 2418 quot

173 2433 414 2473 Thebarum
435 2436 578 2486 portae
599 2433 662 2472 vel
683 2433 827 2473 divitis
847 2432 952 2473 ostia
972 2432 1076 2471 Nili.

1580 1333 1630 1370 10

1575 1982 1627 2020 20

1575 2306 1625 2344 25
