1778 2693
806 129 982 159 SATVRA
1014 129 1042 158 X

187 231 342 272 festino
361 231 414 271 ad
435 233 599 271 nostros
620 232 663 271 et
683 244 822 282 regem
844 233 1008 270 transeo
1031 229 1156 269 Ponti

187 297 230 334 et
251 293 465 342 Croesum,
491 307 615 346 quem
637 307 715 333 vox
737 293 837 332 iusti
858 293 1043 333 facunda
1065 292 1229 332 Solonis

186 359 389 412 respicere
409 360 461 399 ad
482 359 630 410 longae
652 358 773 398 iussit
793 358 928 410 spatia
948 358 1100 397 ultima
1123 357 1246 401 vitae.

186 424 359 465 exilium
380 429 422 464 et
443 437 581 464 carcer
604 424 1007 475 Minturnarumque
1028 423 1202 476 paludes

186 492 229 530 et
249 490 511 530 mendicatus
535 489 642 529 victa
664 488 919 541 Carthagine
940 489 1061 541 panis

186 555 287 595 hinc
307 569 450 596 causas
469 555 673 604 habuer03
706 555 808 606 quid
830 554 902 594 illo
923 554 1011 594 cive
1032 554 1197 594 tulisset

187 624 340 661 natura
359 621 403 660 in
425 621 562 668 terris,
588 620 689 672 quid
714 620 845 660 Roma
865 620 1026 659 beatius
1046 633 1263 671 umquam,

187 686 220 725 si
240 686 530 726 circumducto
551 686 816 738 captivorum
838 685 1005 738 agmine
1025 688 1067 725 et
1088 685 1203 725 omni

186 751 391 791 bellorum
413 765 566 804 pompa
587 751 772 791 animam
794 750 1026 790 exhalasset
1046 751 1244 802 opimam,

186 830 283 857 cum
304 817 356 856 de
377 816 609 856 Teutonico
630 816 759 855 vellet
779 816 1027 855 descendere
1048 828 1174 854 curru
1189 816 1208 854 ⁸?

186 881 361 934 provida
382 881 581 933 Pompeio
602 881 775 920 dederat
797 881 1028 932 Campania
1048 880 1185 920 febres

186 947 405 999 optandas,
429 947 501 986 sed
522 947 681 986 multae
703 947 826 986 urbes
847 949 889 986 et
909 946 1079 998 publica
1098 948 1195 985 vota

188 1011 392 1060 vicerunt,
417 1012 549 1063 igitur
568 1012 760 1051 Fortuna
780 1011 911 1063 ipsius
931 1013 973 1051 et
994 1010 1109 1050 urbis

186 1080 395 1117 servatum
416 1077 528 1117 victo
548 1080 676 1129 caput
695 1077 884 1116 abstulit.
944 1076 1023 1116 hoc
1044 1076 1234 1116 cruciatu

187 1143 406 1191 Lentulus,
430 1143 509 1183 hac
529 1156 663 1195 poena
682 1143 819 1182 caruit
839 1142 1074 1194 ceciditque
1097 1141 1310 1194 Cethegus

185 1207 362 1260 integer,
386 1210 428 1248 et
447 1207 578 1248 iacuit
600 1207 783 1247 Catilina
802 1208 1000 1247 cadavere
1022 1209 1123 1247 toto.

240 1273 419 1314 formam
440 1275 560 1326 optat
580 1273 744 1313 modico
765 1272 919 1325 pueris,
944 1272 1099 1312 maiore
1115 1272 1266 1324 puellis

185 1352 416 1386 murmure,
440 1352 537 1378 cum
563 1338 736 1378 Veneris
756 1338 905 1378 fanum
926 1337 1054 1385 videt,
1079 1337 1202 1377 anxia
1222 1340 1356 1378 mater

185 1417 318 1456 usque
338 1404 387 1443 ad
410 1403 581 1443 delicias
601 1406 809 1443 votorum.
873 1403 883 1420 ‘
899 1416 974 1442 cur
995 1405 1136 1442 tamen
1153 1403 1163 1419 ’
1187 1402 1329 1454 inquit

189 1469 199 1487 ⁴
215 1469 413 1521 corripias
427 1470 446 1508 ⁴?
502 1469 680 1521 pulchra
699 1469 856 1520 gaudet
877 1468 1040 1507 Latona
1061 1467 1232 1507 Diana.'

186 1535 256 1574 sed
278 1537 391 1574 vetat
411 1534 547 1587 optari
569 1534 721 1574 faciem
744 1533 940 1573 Lucretia
962 1533 1127 1585 qualem

186 1600 274 1652 ipsa
295 1600 458 1648 habuit,
481 1602 654 1652 cuperet
676 1599 842 1638 Rutilae
863 1598 1066 1650 Verginia
1086 1598 1261 1650 gibbum

185 1665 372 1718 accipere
391 1668 518 1718 atque
539 1678 656 1704 suam
679 1664 846 1704 Rutilae
868 1664 980 1703 dare.
1042 1664 1153 1703 filius
1173 1667 1270 1704 aute

186 1730 371 1783 corporis
392 1730 548 1783 egregii
571 1730 740 1770 miseros
761 1729 1030 1781 trepidosque
1051 1732 1244 1781 parentes

187 1809 350 1848 semper
369 1796 515 1844 habet3
548 1809 640 1835 rara
660 1798 722 1835 est
742 1795 844 1834 adeo
865 1794 1086 1834 concordia
1106 1795 1265 1835 formae

186 1863 312 1913 atque
332 1861 574 1913 pudicitiae.
638 1863 802 1900 sanctos
822 1860 920 1899 licet
939 1859 1111 1899 horrida
1132 1873 1265 1900 mores

187 1925 410 1966 tradiderit
430 1927 581 1966 domus
600 1939 647 1966 ac
668 1929 829 1965 veteres
850 1925 1016 1965 imitata
1038 1924 1226 1973 Sabinos,

188 1993 401 2043 praeterea
421 1994 583 2030 castum
606 1990 827 2043 ingenium
849 1990 1102 2041 vultumque
1124 1990 1311 2030 modesto

187 2055 392 2107 sanguine
412 2056 647 2096 ferventem
668 2056 829 2095 tribuat
850 2058 1002 2094 natura
1022 2054 1205 2106 benigna

187 2120 302 2171 larga
322 2121 612 2173 manu—quid
633 2121 745 2161 euim
767 2134 898 2173 puero
917 2120 1107 2160 conferre
1129 2122 1266 2172 potest
1285 2120 1381 2172 plus

188 2186 360 2226 custode
380 2189 422 2226 et
442 2199 542 2226 cura
562 2189 714 2226 natura
734 2185 948 2238 potentior
968 2185 1083 2225 omni
1097 2186 1170 2223 ⁴?—

188 2263 273 2291 non
294 2251 394 2290 licet
413 2264 497 2291 esse
518 2251 621 2291 viro.
682 2265 778 2291 nam
801 2251 975 2303 prodiga
994 2251 1251 2303 corruptoris

188 2315 437 2368 improbitas
458 2317 568 2369 ipsos
587 2317 715 2356 audet
735 2319 943 2368 temptare
964 2322 1176 2368 parentes;

189 2382 310 2420 tanta
329 2381 374 2420 in
394 2381 640 2422 muneribus
660 2382 827 2421 fiducia.
886 2381 1030 2421 nullus
1049 2381 1259 2434 ephebum

189 2444 423 2486 deformem
444 2459 562 2488 saeva
582 2447 782 2493 castravit
802 2447 847 2486 in
868 2459 961 2488 arce
981 2448 1200 2500 tyrannus,

1601 127 1655 171 79

1576 359 1653 398 275

1575 688 1652 725 280

1573 1341 1651 1378 290

1573 1993 1652 2032 300

1575 2319 1653 2357 305
