1778 2693
716 103 892 132 SATVRA
924 103 981 131 111

113 205 163 244 tu
183 203 321 244 nescis
339 217 349 253 ;
379 216 477 242 nam
500 203 534 242 si
555 202 1024 255 gradibus'trepidatur
1045 203 1097 242 ab
1118 203 1229 251 imis,

114 267 293 308 ultimus
314 267 481 307 ardebit
502 280 629 320 quem
651 268 797 319 tegula
818 268 906 307 sola
928 271 1077 307 tuetur

113 346 137 372 a
156 332 315 385 pluvia,
340 332 489 372 molles
514 332 584 371 ubi
608 332 796 372 reddunt
818 346 896 372 ova
918 333 1152 373 columbae.

112 397 250 438 lectus
271 401 361 437 erat
384 397 522 437 Codro
546 397 727 436 Procula
748 398 902 445 minor,
929 398 1087 437 urceoli
1109 411 1181 438 sex

113 467 414 503 ornamentum
435 462 553 502 abaci
575 475 651 502 nec
673 475 758 502 non
782 468 824 502 et
846 463 1050 515 parvulus
1072 463 1185 503 infra

112 528 357 575 cantharus,
383 532 424 567 et
445 528 653 567 recubans
674 528 752 568 sub
775 528 923 568 eodem
946 541 1154 568 marmore
1178 528 1323 577 Chiro,

112 593 279 646 iamque
301 596 423 633 vetus
446 592 628 633 Graecos
650 594 845 633 servabat
868 593 974 633 cista
995 594 1175 641 libellos,

111 661 154 698 et
175 658 321 698 divina
342 658 453 710 opici
474 658 683 697 rodebant
706 659 896 698 carmina
918 672 1072 699 mures.

111 723 172 763 nil
193 723 345 763 habuit
368 723 547 771 Codrus,
573 723 667 776 quis
689 724 804 763 enim
825 728 955 776 negat
976 723 993 763 Ρ
1023 727 1065 763 et
1087 727 1232 763 tamen
1253 723 1362 762 illud

110 788 300 841 perdidit
321 788 472 828 infelix
494 791 637 828 totum
660 789 782 828 nihil.
846 789 1026 828 ultimus
1047 792 1193 828 antem

111 866 338 894 aerumnae
360 856 423 893 est
445 854 657 902 cumulus,
684 854 799 906 quod
819 854 985 893 nudum
1007 859 1049 894 et
1070 854 1210 893 frusta
1231 857 1454 905 rogantem

110 932 235 958 nemo
257 919 366 966 cibo,
392 932 516 958 nenio
537 919 726 971 hospitio
748 922 950 972 tectoque
973 919 1150 958 iuvabit.

57 973 64 978 ⁵
111 983 145 1024 si
166 996 321 1036 magna
343 984 534 1023 Asturici
557 984 714 1023 cecidit
736 984 903 1032 domus,
929 984 1104 1024 horrida
1130 986 1282 1032 mater,

110 1048 265 1101 pullati
287 1062 496 1101 proceres,
522 1049 671 1088 differt
693 1049 938 1089 vadimonia
959 1052 1143 1102 praetor.

111 1116 205 1153 tum
226 1114 437 1166 gemimus
460 1127 580 1154 casus
603 1114 734 1162 urbis,
760 1112 1056 1154 tunc'odimns
1079 1114 1235 1166 ignem.

111 1179 232 1219 ardet
252 1179 408 1226 adhuc,
433 1183 476 1219 et
498 1179 580 1218 iam
603 1179 790 1219 accurrit
813 1179 886 1231 qui
908 1193 1120 1219 marmora
1141 1180 1287 1227 donet,

111 1245 305 1285 conferat
327 1245 526 1297 inpensas
546 1259 555 1294 ;
586 1245 655 1284 hic
677 1246 794 1284 nuda
816 1250 858 1284 et
877 1245 1062 1285 candida
1082 1245 1217 1297 signa,

110 1310 180 1350 hic
201 1310 366 1362 aliquid
387 1310 654 1362 praeclarum
677 1310 974 1362 Euphranoris
996 1313 1038 1349 ct
1062 1310 1277 1362 Polycliti,

110 1375 214 1415 haec
236 1375 494 1415 Asianorum
517 1379 661 1414 vetera
682 1378 934 1415 ornamenta
955 1375 1148 1423 deorum,

111 1440 180 1480 hic
200 1440 332 1480 libros
354 1440 473 1480 dabit
495 1444 537 1480 et
559 1441 722 1480 forulos
743 1440 1014 1493 mediamque
1037 1440 1290 1488 Minervam,

110 1505 181 1545 hic
202 1505 394 1545 modium
415 1505 596 1557 argenti.
659 1505 836 1544 meliora
855 1518 903 1544 ac
925 1505 1049 1557 plura
1069 1505 1240 1557 reponit

113 1570 307 1610 Persicus
328 1570 527 1610 orborum
550 1570 816 1609 lautissimus
837 1573 880 1609 et
902 1570 1055 1609 merito
1077 1570 1157 1609 iam

112 1638 350 1688 suspectus,
376 1638 595 1687 tamquam
619 1635 706 1686 ipse
729 1648 824 1674 suas
847 1635 1089 1674 incenderit
1110 1635 1246 1674 aedes.

111 1701 146 1740 si
167 1703 289 1752 potes
310 1700 435 1740 avelli
458 1700 734 1747 circensibus,
759 1700 922 1752 optima
945 1700 1071 1740 Sorae

112 1769 188 1805 aut
209 1765 481 1805 Fabrateriae
503 1765 655 1805 domus
676 1768 752 1804 aut
774 1765 1015 1805 Frusinone
1036 1769 1227 1817 paratur,

112 1830 263 1883 quanti
285 1843 401 1870 nunc
423 1830 621 1870 tenebras
643 1843 779 1869 unum
801 1830 1006 1870 conducis
1028 1830 1071 1869 in
1093 1843 1268 1869 annum.

112 1895 312 1935 hortulus
332 1895 402 1935 hic
423 1899 667 1948 puteusque
690 1895 828 1935 brevis
850 1907 928 1935 nec
949 1899 1061 1935 reste
1084 1895 1319 1934 movendus

112 1960 156 2000 in
178 1961 321 2000 tenuis
342 1960 510 2013 plantas
532 1960 649 2000 facili
672 1960 935 1999 diffunditur
955 1959 1128 1999 haustu.

112 2025 206 2066 vive
227 2025 415 2065 bidentis
435 2038 582 2065 amans
604 2030 646 2065 et
668 2025 774 2065 culti
798 2025 950 2064 vilicus
972 2024 1101 2072 horti,

112 2091 227 2131 unde
248 2091 424 2143 epulum
445 2090 578 2143 possis
600 2094 775 2130 eentum
798 2090 897 2129 dare
922 2090 1214 2142 Pythagoreis.

113 2158 177 2196 est
197 2156 374 2209 aliquid,
400 2169 670 2208 quocumque
691 2156 799 2203 loco,
825 2168 1096 2207 quocumque
1118 2168 1283 2194 recessu

113 2221 241 2261 unius
262 2234 350 2261 sese
372 2221 595 2260 dominum
617 2221 766 2260 fecisse
787 2221 984 2259 lacertae.

167 2286 378 2339 plurimus
400 2286 469 2325 hic
490 2299 614 2338 aeger
635 2286 818 2325 moritur
841 2285 1072 2337 vigilando,
1098 2285 1171 2325 sed
1193 2286 1333 2338 ipsum

113 2351 365 2404 languorem
386 2351 552 2404 peperit
575 2352 696 2391 cibus
718 2351 984 2403 inperfectus
1005 2354 1047 2390 et
1068 2350 1247 2390 haerens

114 2415 282 2457 ardenti
302 2416 522 2457 stomacho
544 2430 555 2467 3
583 2429 683 2456 nam
705 2429 812 2468 quae
835 2415 1053 2455 meritoria
1073 2429 1271 2456 somnum

329 2495 352 2528 2

1530 103 1577 145 17

1500 204 1578 242 200

1501 529 1578 567 205

1502 855 1579 892 210

1504 1181 1579 1217 215

1504 1507 1581 1544 220

1502 1832 1578 1869 225

1499 2157 1577 2195 230
