1778 2693
720 113 895 141 SATVRA
928 112 943 139 Ι

147 215 236 267 ipse
258 213 348 253 dies
368 213 550 266 pulchro
569 213 856 266 distinguitur
878 213 1026 253 ordine
1048 226 1190 252 rerum
1211 227 1218 252 ε

93 279 296 332 sportula,
323 278 477 318 deiude
498 278 642 317 forum
665 278 854 330 iurisque
875 277 1040 330 peritus
1062 277 1217 330 Apollo

92 348 220 396 atque
241 343 538 396 triumphales,
563 343 676 382 inter
697 357 801 396 quas
822 356 950 382 ausus
972 343 1126 382 habere

91 408 234 448 nescio
256 408 350 460 quis
372 408 524 447 titulos
545 408 787 460 Aegyptius
808 412 937 460 atque
959 407 1239 455 Arabarches,

92 473 214 514 cuius
235 473 288 513 ad
310 473 491 525 effigiem
514 486 600 512 non
622 478 793 512 tautum
818 473 972 513 meiere
993 474 1058 512 fas
1079 476 1155 512 est.

92 538 314 578 vestibulis
335 538 496 578 abeunt
516 542 679 577 veteres
700 538 882 590 lassique
905 538 1082 578 clientes

91 608 274 656 votaque
297 603 534 655 deponunt,
559 617 819 656 quamquam
839 603 1089 655 longissima
1110 616 1238 643 cenae

91 682 185 721 spes
206 668 369 708 1101111111
391 682 401 718 ;
433 668 564 708 caulis
585 668 748 708 miseris
769 673 898 720 atque
920 668 1032 720 ignis
1053 669 1272 708 emendus.

91 734 255 786 optima
275 733 477 773 silvarum
500 733 663 773 interca
684 733 909 786 pelagique
931 733 1097 773 vorabit

90 811 164 838 rex
184 798 339 838 horum
361 798 590 851 vacuisque
609 798 712 837 toris
734 801 907 837 tantum
929 798 1018 850 ipse
1041 798 1209 838 iacebit.

91 877 190 903 nam
211 864 262 903 de
285 866 351 902 tot
372 863 564 916 pulchris
586 867 628 902 et
647 861 747 902 latis
770 863 942 902 orbibus
964 866 1006 902 et
1028 867 1116 902 tam

90 907 388 980 antiquiffla
409 928 643 967 comedunt
664 928 925 980 patrimonia
946 941 1103 967 mensa.

90 993 236 1033 nullus
257 993 342 1033 iam
363 993 575 1046 parasitus
598 993 692 1032 erit.
755 993 828 1032 scd
850 993 945 1045 quis
963 993 1073 1032 ferat
1095 993 1197 1032 istas

89 1058 284 1098 luxuriae
305 1058 448 1098 sordes
472 1058 488 1098 ’Β
545 1061 706 1110 quauta
727 1061 791 1097 est
813 1058 915 1109 gula
937 1071 1044 1110 quae
1066 1058 1145 1097 sibi
1174 1060 1288 1097 totos

90 1123 214 1176 ponit
235 1137 372 1176 apros,
397 1123 555 1163 animal
576 1127 752 1175 propter
774 1123 970 1163 convivia
990 1128 1143 1162 natum
1163 1123 1180 1162 :⁹

90 1202 226 1242 poena
247 1192 390 1228 tamen
412 1201 626 1241 praesens,
651 1201 749 1228 cum
772 1192 820 1227 tu
844 1188 1024 1240 deponis
1045 1188 1228 1227 amictus

90 1254 290 1306 turgidus
312 1257 354 1293 et
375 1253 556 1293 crudum
577 1266 786 1306 pavonem
808 1253 851 1292 in
873 1253 1024 1293 balnea
1043 1257 1200 1306 portas.

89 1319 190 1359 hinc
212 1319 377 1358 subitae
398 1323 556 1358 mortes
577 1323 705 1371 atque
727 1319 933 1358 intestata
953 1322 1164 1366 senectus,

91 1387 134 1423 et
153 1397 264 1423 nova
283 1396 361 1423 nec
383 1383 519 1423 tristis
540 1396 615 1436 per
637 1388 814 1423 cunctas
837 1384 984 1423 fabula
1000 1397 1124 1423 cenas
1143 1397 1151 1422 :

91 1448 266 1488 ducitur
287 1448 407 1487 iratis
428 1449 723 1500 plaudendum
744 1449 877 1488 funus
899 1448 1058 1488 amicis.

144 1513 205 1553 nil
227 1513 307 1553 erit
329 1513 510 1553 ulterius
532 1514 646 1566 quod
668 1513 825 1553 nostris
847 1513 1036 1553 moribus
1058 1514 1188 1553 addat

90 1578 334 1632 posteritas,
359 1579 506 1618 eadem
528 1579 691 1618 facient
713 1579 976 1631 cupientque
999 1578 1184 1618 minores
1204 1592 1213 1618 :

91 1657 215 1684 omne
237 1643 280 1682 in
303 1643 529 1696 praecipiti
551 1643 707 1682 vitium
728 1643 864 1683 stetit.
928 1648 1048 1683 utere
1071 1643 1188 1691 velis,

89 1711 205 1749 totos
225 1708 366 1761 pande
387 1708 519 1748 sinus.
581 1708 697 1748 dicas
721 1708 789 1748 1110
812 1708 994 1748 forsitan
1020 1712 1030 1728 ‘
1047 1708 1161 1748 unde

90 1773 314 1827 ingenium
336 1787 412 1826 par
429 1774 633 1813 materiae
656 1773 673 1813 12
730 1774 844 1812 unde
868 1773 941 1812 illa
962 1773 1153 1826 priorum

91 1838 304 1879 scribendi
326 1838 626 1891 quodcumque
647 1838 788 1878 anime
812 1838 1020 1891 flagrante
1040 1838 1193 1878 liberet

91 1903 343 1956 simplicitas
363 1903 406 1943 ?’
463 1904 585 1943 cuius
607 1917 693 1943 11011
715 1904 852 1943 audeo
875 1903 1015 1943 dicere
1036 1916 1193 1942 nomen
1215 1902 1233 1943 Ρ

91 1969 196 2022 quid
216 1970 363 2017 refert,
389 1969 515 2008 dictis
537 1969 730 2021 ignoscat
753 1968 922 2008 Mucius
943 1982 997 2008 au
1020 1981 1104 2008 11011
1127 1967 1144 2007 Ρ

95 2037 107 2055 ‘
123 2047 233 2087 pone
254 2034 517 2086 Tigellinum
539 2048 546 2073 :
578 2034 703 2073 taeda
723 2033 885 2073 lucebis
908 2033 950 2072 in
973 2033 1060 2080 illa,

93 2112 176 2152 qua
196 2102 359 2139 stantes
380 2098 532 2138 ardent
554 2099 626 2151 qui
650 2100 731 2137 fixo
754 2102 925 2151 pectore
947 2098 1134 2145 fumant,

93 2167 136 2204 et
155 2164 294 2204 latum
315 2163 454 2204 media
476 2163 642 2203 sulcum
666 2163 843 2203 deducis
866 2163 1056 2202 harena?

93 2228 166 2282 qui
187 2228 308 2268 dedit
329 2241 429 2281 ergo
451 2228 588 2268 tribus
610 2228 776 2280 patruis
797 2227 982 2275 aconita,
1007 2227 1188 2267 vehatur

92 2293 328 2346 pensilibus
349 2293 507 2346 plumis
527 2298 656 2345 atque
680 2293 798 2332 illinc
821 2292 1030 2345 despiciat
1052 2306 1127 2332 nos
1147 2293 1165 2332 ¹?

98 2361 221 2398 ‘cum
242 2357 386 2398 veniet
407 2362 570 2405 contra,
597 2358 735 2410 digito
757 2371 977 2410 compesce
999 2357 1202 2398 labellum
1221 2372 1230 2399 ε

95 2425 317 2464 accusator
337 2422 419 2463 erit
441 2423 513 2476 qui
535 2423 713 2463 verbum
735 2423 893 2463 dixerit
915 2426 941 2443 “
960 2422 1028 2463 hic
1051 2423 1161 2464 est.”

1479 409 1555 446 130

1478 735 1554 772 135

1478 1060 1554 1097 140

1478 1711 1554 1748 150

1481 2362 1555 2399 100
