1778 2693
736 167 912 197 SATVRA
944 168 992 196 IV

133 267 311 309 crimine
332 281 514 321 persona
535 270 599 308 est
619 267 637 307 Ρ
693 268 875 307 111111111111
898 282 970 308 sex
993 268 1167 308 milibus
1189 268 1308 317 emit,

133 338 391 386 aequantem
414 347 513 374 sanc
531 333 706 385 paribus
729 333 927 373 sestertia
949 334 1084 382 libris,

133 402 182 438 ut
203 399 434 451 perhibent
457 399 530 451 qui
553 399 605 438 de
628 398 794 450 magnis
817 399 978 438 maiora
1002 399 1255 452 loquuntur.

133 464 361 504 consilium
383 465 512 504 laudo
535 464 726 511 artificis,
751 464 783 503 si
808 477 984 503 munere
1006 468 1130 505 tanto

132 529 408 582 praecipuam
430 529 474 568 in
497 529 656 569 tabulis
679 542 821 568 ceram
844 530 956 569 senis
978 530 1160 570 abstulit
1182 529 1304 580 orbi3

133 598 196 635 est
217 595 327 635 ratio
350 595 544 642 ulterior,
566 607 745 646 maguae
767 594 800 633 si
826 594 941 634 misit
964 595 1140 644 amicae,

133 673 240 712 quae
262 660 434 699 vehitur
456 660 574 699 cluso
594 660 693 699 latis
716 660 1008 712 specularibus
1030 664 1168 701 antro.

133 725 193 764 nil
217 725 300 765 tale
322 728 546 779 expectes:
574 725 678 764 emit
701 725 794 764 sibi.
859 726 996 765 multa
1018 726 1213 766 videmus

133 804 240 843 quae
262 791 389 830 miser
411 794 454 830 et
476 791 592 843 frugi
616 804 699 830 11011
723 790 829 830 fecit
852 791 1045 843 Apicius.
1108 792 1188 831 1100
1210 795 1260 831 tu

133 856 379 896 succinctus
400 856 540 908 patria
562 856 796 908 quondam,
824 855 1034 908 Crispine,
1060 870 1221 909 papyro
1243 856 1261 897 Ρ

133 921 213 961 1100
234 921 374 974 pretio
395 935 596 974 squamae
619 921 636 961 Ρ
692 921 838 973 potuit
860 922 1041 961 fortasse
1063 921 1241 962 minoris

132 986 320 1040 piscator
341 1000 469 1039 quam
492 986 619 1039 piscis
642 987 724 1026 emi
743 1000 753 1036 3
775 986 998 1038 provincia
1020 987 1131 1026 tanti

133 1052 284 1092 vendit
305 1065 442 1104 agros,
469 1052 542 1091 sed
565 1052 744 1091 maiores
766 1052 927 1104 Apulia
948 1053 1111 1092 vendit.

133 1117 271 1170 qualis
292 1120 398 1157 tunc
420 1118 567 1170 epulas
588 1117 730 1169 ipsum
751 1117 953 1170 gluttisse
975 1122 1180 1170 putamus

132 1182 498 1235 induperatorem,
519 1196 619 1223 011111
640 1185 706 1222 tot
728 1183 938 1231 sestertia,
963 1187 1130 1236 partem

133 1248 331 1301 exiguam
353 1252 395 1288 et
417 1248 608 1288 modicae
631 1252 848 1300 sumptam
871 1249 922 1288 de
944 1249 1136 1301 margine
1159 1262 1303 1299 cenae,

132 1327 376 1367 purpureus
398 1314 543 1367 magni
565 1314 749 1354 ructarit
771 1328 918 1354 scurra
941 1314 1094 1362 Palati,

133 1379 219 1419 iam
240 1380 440 1432 princeps
463 1379 674 1432 equitum,
700 1393 855 1431 magna
876 1379 949 1432 qui
972 1393 1074 1419 voce
1097 1380 1261 1420 solebat

133 1445 318 1484 vendere
341 1445 582 1497 municipes
603 1445 743 1484 fracta
765 1445 816 1484 de
839 1458 978 1484 merce
1000 1445 1155 1484 siluros
1176 1445 1193 1484 Ρ

132 1509 289 1563 incipe,
315 1510 506 1563 Calliope
527 1524 537 1560 3
567 1511 668 1550 licet
691 1513 733 1550 et
755 1510 990 1550 considere.
1051 1524 1137 1550 11011
1160 1513 1224 1550 est

133 1576 412 1623 cantandum,
437 1589 502 1615 res
523 1589 622 1615 vera
642 1575 787 1628 agitur
807 1589 814 1614 :
845 1579 1032 1623 narrate,
1057 1575 1225 1627 puellae

133 1640 332 1680 Pierides.
397 1641 533 1693 prosit
554 1640 659 1679 mihi
680 1654 753 1680 vos
775 1640 931 1680 dixisse
953 1640 1126 1692 puellas.

186 1719 285 1746 cum
305 1706 389 1746 iam
411 1705 711 1745 semianimum
732 1706 939 1745 laceraret
961 1705 1134 1745 Flavius
1156 1706 1302 1746 orbem

132 1771 312 1811 ultimus
334 1775 376 1811 et
398 1771 516 1811 calvo
539 1771 716 1810 serviret
738 1771 872 1810 Roma
893 1771 1071 1818 Neroni,

132 1836 286 1877 incidit
307 1836 481 1876 Adriaci
504 1837 691 1889 spatium
713 1836 963 1876 admirabile
985 1836 1153 1876 rhombi

131 1906 232 1943 ante
254 1903 430 1942 domum
452 1902 648 1949 Veneris,
674 1915 802 1955 quam
826 1902 983 1941 Dorica
1005 1902 1191 1941 sustinet
1215 1902 1384 1951 Ancon,

132 1967 413 2020 implevitque
435 1967 553 2007 sinus
572 1981 581 2017 3
612 1981 690 2007 nec
713 1967 827 2007 0111111
850 1967 990 2006 11111101·
1011 1967 1205 2007 haeserat
1227 1967 1311 2007 illis

133 2046 238 2085 quos
260 2033 398 2085 operit
418 2032 576 2085 glacies
597 2032 811 2073 Maeotica
832 2036 1045 2085 ruptaque
1069 2031 1244 2072 tandem

133 2098 292 2138 solibus
314 2097 501 2138 effundit
522 2098 728 2138 torrentis
749 2098 803 2137 ad
825 2098 934 2137 ostia
957 2097 1085 2137 Ponti

133 2163 295 2203 desidia
316 2163 460 2203 tardos
481 2170 524 2203 et
544 2163 673 2216 longo
694 2163 854 2215 frigore
877 2163 1071 2215 pingues.

133 2228 322 2268 destinat
343 2228 423 2268 hoc
446 2233 686 2268 monstrum
709 2229 887 2275 cumbae
908 2227 1071 2280 linique
1094 2227 1298 2280 magister
1334 2274 1336 2277 y

133 2294 327 2346 pontifici
349 2307 530 2334 summo.
592 2294 687 2346 quis
709 2294 824 2333 enim
845 2306 1083 2345 proponere
1105 2293 1232 2333 talem

133 2362 209 2399 aut
229 2372 367 2399 emere
389 2359 581 2407 auderet,
606 2372 704 2399 eum
726 2359 853 2411 plena
875 2362 916 2397 et
940 2358 1066 2397 litora
1088 2358 1227 2398 multo

135 2424 323 2464 delatore
343 2424 488 2464 forent
507 2424 525 2464 Ρ
581 2424 760 2477 dispersi
782 2423 980 2476 protinus
1001 2423 1122 2476 algae

134 2488 410 2543 inquisitores
430 2493 608 2544 agerent
629 2503 727 2530 cum
749 2488 909 2542 remige
931 2489 1048 2530 nudo

1548 172 1593 200 21

1553 273 1600 308 15

1551 596 1603 635 20

1552 923 1602 962 25

1551 1251 1604 1289 30

1553 1577 1604 1615 35

1552 1904 1604 1942 40
