1778 2693
783 141 959 169 SATVRA
991 142 1018 170 X

165 238 356 287 Seianus,
379 239 532 280 deinde
552 253 602 280 ex
622 241 729 281 facie
750 244 839 282 toto
859 243 956 282 orbe
977 243 1160 283 secunda

164 307 274 345 fiunt
296 305 610 357 urceoli,pelves
624 311 794 359 ,sartago
806 308 1020 351 matellae.

163 387 271 426 pone
293 373 405 412 domi
428 372 584 425 laurus,
609 373 691 412 due
712 373 756 412 in
779 374 986 426 Capitolia
1007 388 1208 426 magnum

163 442 453 490 cretatumque
475 437 641 476 bovem:
676 438 850 477 Seianus
871 440 1044 478 ducitur
1066 453 1174 480 unco

163 506 427 558 spectandus,
453 505 641 556 gaudent
662 518 815 544 omues.
883 506 892 522 ·’
910 519 1015 557 quae
1036 506 1164 553 labra,
1190 507 1283 558 quis
1304 506 1365 546 illi

161 571 305 611 vultus
325 574 426 610 erat.
488 584 738 622 numquam,
764 571 794 610 si
819 571 917 622 quid
944 571 1046 610 mihi
1071 572 1218 619 credis,
1243 572 1378 611 amavi

161 637 277 676 hunc
297 636 525 676 hominem.
587 637 656 675 scd
680 650 762 688 quo
783 637 936 676 cecidit
956 638 1032 676 sub
1053 637 1229 677 crimine
1244 639 1262 676 ⁶?
1321 637 1513 689 quisnam

161 702 322 741 delator
343 702 496 753 quibus
518 701 741 749 indicibus,
768 715 850 754 quo
878 706 980 742 teste
1003 703 1193 755 probavit
1208 704 1225 741 Ῥ
1242 703 1251 719 ’

161 767 222 807 nil
243 767 415 816 horum;
450 767 618 806 verbosa
638 771 680 806 et
701 768 873 818 grandis
895 768 1076 820 epistula
1099 768 1214 807 venit

160 845 184 872 a
206 832 387 885 Capreis.
454 833 463 850 ⁶
480 832 583 872 bene
605 832 745 879 habet,
773 833 829 872 nil
854 833 950 885 plus
971 833 1198 885 interrogo.
1259 834 1330 873 sed
1353 833 1455 885 quid

161 898 286 938 turba
306 897 459 937 Remi?
476 898 486 915 ’
545 898 737 949 sequitur
757 899 975 938 fortunam
998 902 1046 938 ut
1067 912 1230 950 semper
1251 902 1292 938 et
1313 898 1403 938 odit

160 963 392 1003 damnatos.
454 962 566 1002 idem
589 963 786 1014 populus,
811 963 844 1002 si
867 963 1018 1002 Nortia
1041 963 1177 1003 Tusco

159 1028 344 1076 favisset,
369 1027 401 1067 si
423 1041 618 1080 oppressa
637 1028 749 1067 foret
769 1041 913 1068 secura
933 1031 1124 1068 senectus

159 1093 376 1146 principis,
401 1093 479 1132 hac
501 1093 589 1145 ipsa
611 1093 811 1133 Seianum
833 1094 991 1133 diceret
1010 1094 1112 1134 hora

159 1160 419 1212 Augustum.
480 1158 563 1198 iam
587 1159 765 1211 pridem,
790 1173 839 1199 ex
861 1172 944 1211 quo
965 1159 1166 1211 suffragia
1189 1159 1297 1199 nulli

157 1225 393 1272 vendimus,
419 1224 572 1264 effudit
593 1238 732 1274 curas3
764 1238 863 1264 nam
885 1225 956 1277 qui
980 1225 1106 1265 dabat
1127 1225 1229 1264 olim

157 1290 384 1342 imperium
400 1289 919 1346 ‘fasces.]egiones-‚0mnia,
944 1303 1060 1330 nunc
1081 1303 1121 1330 se

156 1356 347 1396 continet
366 1358 493 1407 atque
515 1355 620 1394 duas
639 1357 809 1394 tantum
833 1369 895 1395 res
915 1355 1066 1395 anxius
1087 1358 1219 1407 optat,

155 1434 308 1473 panem
328 1424 371 1461 et
391 1420 609 1460 circenses.
673 1420 682 1438 ‘
697 1420 907 1473 perituros
927 1421 1053 1460 audio
1074 1420 1266 1460 multos.’

157 1486 216 1526 nil
238 1486 432 1533 dubium,
457 1499 610 1538 magna
631 1488 692 1525 est
713 1474 949 1525 fornacula.¹
1011 1486 1021 1503 ‘
1037 1486 1268 1538 pallidulus
1288 1485 1346 1526 mi

157 1551 400 1591 Bruttidius
420 1564 538 1591 meus
558 1551 610 1590 ad
633 1551 782 1590 Martis
802 1551 889 1590 fuit
909 1551 1055 1591 obvius
1077 1565 1211 1601 aram3

156 1630 282 1670 quam
307 1618 446 1664 timeo,
473 1616 607 1656 victus
629 1630 680 1656 ne
702 1630 854 1669 poenas
874 1616 1016 1669 exigat
1038 1616 1145 1656 Aiax

154 1686 204 1722 ut
223 1683 330 1723 male
351 1683 562 1722 defensus.
623 1695 842 1721 curramus
862 1682 1111 1734 praecipites
1131 1686 1173 1722 et

153 1748 258 1788 dum
279 1748 387 1788 iacet
407 1748 450 1787 in
473 1748 578 1800 ripa,
603 1747 807 1787 calcemus
829 1747 1016 1787 Caesaris
1036 1747 1214 1787 hostem.

153 1814 224 1854 sed
246 1814 417 1854 videant
437 1813 558 1859 servi,
583 1826 636 1852 ne
657 1812 751 1864 quis
772 1816 897 1865 neget
917 1816 960 1853 et
981 1813 1181 1865 pavidum
1205 1813 1248 1852 in
1271 1813 1337 1853 ius

153 1879 311 1920 cervice
332 1879 533 1919 obstricta
553 1878 774 1919 dominum
799 1878 972 1918 trabat.’
1032 1878 1076 1917 hi
1097 1892 1306 1919 sermones

131 1952 136 1954 ‘
153 1947 257 1985 tunc
277 1945 329 1986 de
351 1945 514 1993 Seiano,
538 1947 694 1984 secreta
713 1944 816 1984 haec
837 1957 1057 1984 murmura
1077 1944 1206 1996 vulgi.

152 2011 268 2051 visne
289 2010 461 2051 salutari
483 2010 593 2050 sicut
614 2009 803 2057 Seianus,
828 2009 981 2049 habere

153 2076 407 2117 tantundem
428 2079 554 2128 atque
575 2075 638 2115 illi
659 2088 843 2115 summas
864 2075 1019 2114 donare
1039 2075 1220 2123 curules,

151 2141 274 2181 illum
295 2141 548 2182 exercitibus
569 2154 838 2194 praeponere,
866 2143 982 2180 tutor
1002 2140 1146 2180 haberi

151 2206 356 2260 principis
375 2209 556 2260 augusta
577 2206 833 2259 Caprearum
854 2206 898 2245 in
921 2219 1024 2258 rupe
1045 2206 1228 2246 sedentis

151 2284 249 2312 cum
269 2286 394 2325 grege
416 2272 626 2313 Chaldaeo
640 2273 659 2310 ?
716 2271 778 2311 vis
798 2276 909 2311 certe
931 2271 1017 2323 pila
1037 2270 1242 2318 cohortes,

151 2338 338 2391 egregios
358 2337 520 2390 equites
540 2340 582 2377 et
602 2340 735 2377 castra
756 2337 1002 2376 domestica:
1036 2336 1186 2392 quidui

151 2401 254 2444 haec
273 2403 418 2456 cupias
432 2404 451 2442 ’.Ρ
507 2405 549 2443 et
570 2402 642 2455 qui
664 2402 818 2442 nolunt
839 2402 1025 2441 occidere
1047 2393 1316 2454 quemquam,

151 2480 270 2520 posse
292 2469 455 2509 volunt.
514 2468 587 2508 sed
609 2480 714 2520 quae
735 2467 947 2519 praeclara
966 2469 1008 2507 et
1029 2480 1225 2519 prospera
1246 2468 1370 2516 tanti,

1578 141 1629 185 73

1582 705 1631 744 70

1577 1359 1628 1396 80

1575 2013 1624 2050 90

1459 2340 1621 2377 95
