<?xml version="1.0" encoding="UTF-8"?>
<!DOCTYPE html PUBLIC "-//W3C//DTD XHTML 1.0 Transitional//EN"
    "http://www.w3.org/TR/xhtml1/DTD/xhtml1-transitional.dtd">
<html xmlns="http://www.w3.org/1999/xhtml" xml:lang="en" lang="en">
 <head>
  <title>
</title>
<meta http-equiv="Content-Type" content="text/html;charset=utf-8" />
  <meta name='ocr-system' content='tesseract 3.04.00' />
  <meta name='ocr-capabilities' content='ocr_page ocr_carea ocr_par ocr_line ocrx_word'/>
</head>
<body>
  <div class='ocr_page' id='page_1' title='image "./saturarumlibriv00juveuoft_0189.png"; bbox 0 0 1778 2693; ppageno 0'>
   <div class='ocr_carea' id='block_1_1' title="bbox 751 126 1041 156">
    <p class='ocr_par' dir='ltr' id='par_1_1' title="bbox 751 126 1041 156">
     <span class='ocr_line' id='line_1_1' title="bbox 751 126 1041 156; baseline 0 0"><span class='ocrx_word' id='word_1_1' title='bbox 751 126 928 156; x_wconf 72' lang='lat' dir='ltr'><strong>SATVRA</strong></span> <span class='ocrx_word' id='word_1_2' title='bbox 960 126 1041 156; x_wconf 81' lang='lat' dir='ltr'>XIV</span> 
     </span>
    </p>
   </div>
   <div class='ocr_carea' id='block_1_2' title="bbox 158 228 1273 672">
    <p class='ocr_par' dir='ltr' id='par_1_2' title="bbox 159 228 1273 477">
     <span class='ocr_line' id='line_1_2' title="bbox 160 228 1273 282; baseline -0.001 -13"><span class='ocrx_word' id='word_1_3' title='bbox 160 242 334 282; x_wconf 88' lang='lat' dir='ltr'>corpora</span> <span class='ocrx_word' id='word_1_4' title='bbox 354 229 510 281; x_wconf 83' lang='lat' dir='ltr'>quique</span> <span class='ocrx_word' id='word_1_5' title='bbox 531 228 635 267; x_wconf 88' lang='lat' dir='ltr'>solet</span> <span class='ocrx_word' id='word_1_6' title='bbox 655 231 817 268; x_wconf 88' lang='lat' dir='ltr'>rectum</span> <span class='ocrx_word' id='word_1_7' title='bbox 839 228 1089 269; x_wconf 85' lang='lat' dir='ltr'>descendere</span> <span class='ocrx_word' id='word_1_8' title='bbox 1111 229 1273 277; x_wconf 78' lang='lat' dir='ltr'>funem,</span> 
     </span>
     <span class='ocr_line' id='line_1_3' title="bbox 161 294 1205 347; baseline 0.001 -14"><span class='ocrx_word' id='word_1_9' title='bbox 161 308 285 347; x_wconf 87' lang='lat' dir='ltr'>quam</span> <span class='ocrx_word' id='word_1_10' title='bbox 310 297 371 341; x_wconf 82' lang='lat' dir='ltr'>tu,</span> <span class='ocrx_word' id='word_1_11' title='bbox 397 294 572 346; x_wconf 75' lang='lat' dir='ltr'>Corycia</span> <span class='ocrx_word' id='word_1_12' title='bbox 591 307 754 346; x_wconf 89' lang='lat' dir='ltr'>semper</span> <span class='ocrx_word' id='word_1_13' title='bbox 775 294 846 345; x_wconf 76' lang='lat' dir='ltr'>qui</span> <span class='ocrx_word' id='word_1_14' title='bbox 869 308 1010 346; x_wconf 90' lang='lat' dir='ltr'>puppe</span> <span class='ocrx_word' id='word_1_15' title='bbox 1032 295 1205 334; x_wconf 89' lang='lat' dir='ltr'>moraris</span> 
     </span>
     <span class='ocr_line' id='line_1_4' title="bbox 159 359 1240 411; baseline 0 -12"><span class='ocrx_word' id='word_1_16' title='bbox 159 363 286 411; x_wconf 81' lang='lat' dir='ltr'>atquc</span> <span class='ocrx_word' id='word_1_17' title='bbox 307 359 470 399; x_wconf 87' lang='lat' dir='ltr'>habitas</span> <span class='ocrx_word' id='word_1_18' title='bbox 490 372 586 398; x_wconf 90' lang='lat' dir='ltr'>coro</span> <span class='ocrx_word' id='word_1_19' title='bbox 606 372 768 411; x_wconf 85' lang='lat' dir='ltr'>semper</span> <span class='ocrx_word' id='word_1_20' title='bbox 791 359 1003 399; x_wconf 86' lang='lat' dir='ltr'>tollendus</span> <span class='ocrx_word' id='word_1_21' title='bbox 1023 363 1063 399; x_wconf 87' lang='lat' dir='ltr'>et</span> <span class='ocrx_word' id='word_1_22' title='bbox 1084 362 1240 406; x_wconf 86' lang='lat' dir='ltr'>austro,</span> 
     </span>
     <span class='ocr_line' id='line_1_5' title="bbox 159 424 1069 477; baseline 0 -13"><span class='ocrx_word' id='word_1_23' title='bbox 159 425 349 477; x_wconf 85' lang='lat' dir='ltr'>perditus</span> <span class='ocrx_word' id='word_1_24' title='bbox 368 438 416 464; x_wconf 91' lang='lat' dir='ltr'>ac</span> <span class='ocrx_word' id='word_1_25' title='bbox 437 424 530 463; x_wconf 83' lang='lat' dir='ltr'>vilis</span> <span class='ocrx_word' id='word_1_26' title='bbox 551 424 655 463; x_wconf 83' lang='lat' dir='ltr'>sacci</span> <span class='ocrx_word' id='word_1_27' title='bbox 678 428 884 463; x_wconf 84' lang='lat' dir='ltr'>mercator</span> <span class='ocrx_word' id='word_1_28' title='bbox 905 424 1069 472; x_wconf 87' lang='lat' dir='ltr'>olentis,</span> 
     </span>
    </p>

    <p class='ocr_par' dir='ltr' id='par_1_3' title="bbox 158 489 1233 672">
     <span class='ocr_line' id='line_1_6' title="bbox 160 489 1194 542; baseline 0.001 -13"><span class='ocrx_word' id='word_1_29' title='bbox 160 490 230 541; x_wconf 90' lang='lat' dir='ltr'>qui</span> <span class='ocrx_word' id='word_1_30' title='bbox 253 490 408 542; x_wconf 85' lang='lat' dir='ltr'>gaudes</span> <span class='ocrx_word' id='word_1_31' title='bbox 428 489 587 542; x_wconf 83' lang='lat' dir='ltr'>pingue</span> <span class='ocrx_word' id='word_1_32' title='bbox 608 489 807 541; x_wconf 79' lang='lat' dir='ltr'>antiquae</span> <span class='ocrx_word' id='word_1_33' title='bbox 830 490 881 529; x_wconf 84' lang='lat' dir='ltr'>de</span> <span class='ocrx_word' id='word_1_34' title='bbox 904 490 1024 529; x_wconf 88' lang='lat' dir='ltr'>litore</span> <span class='ocrx_word' id='word_1_35' title='bbox 1047 490 1194 530; x_wconf 78' lang='lat' dir='ltr'>Cretae</span> 
     </span>
     <span class='ocr_line' id='line_1_7' title="bbox 158 555 1233 607; baseline 0.001 -14"><span class='ocrx_word' id='word_1_36' title='bbox 158 568 326 606; x_wconf 85' lang='lat' dir='ltr'>passum</span> <span class='ocrx_word' id='word_1_37' title='bbox 347 558 388 595; x_wconf 90' lang='lat' dir='ltr'>et</span> <span class='ocrx_word' id='word_1_38' title='bbox 410 555 645 607; x_wconf 82' lang='lat' dir='ltr'>municipes</span> <span class='ocrx_word' id='word_1_39' title='bbox 667 555 776 594; x_wconf 74' lang='lat' dir='ltr'>Iovis</span> <span class='ocrx_word' id='word_1_40' title='bbox 796 555 1009 594; x_wconf 73' lang='lat' dir='ltr'>advexisse</span> <span class='ocrx_word' id='word_1_41' title='bbox 1031 555 1200 607; x_wconf 77' lang='lat' dir='ltr'>lagonas</span> <span class='ocrx_word' id='word_1_42' title='bbox 1215 558 1233 594; x_wconf 79' lang='lat'>⁴?</span> 
     </span>
     <span class='ocr_line' id='line_1_8' title="bbox 160 619 1102 672; baseline 0.002 -14"><span class='ocrx_word' id='word_1_43' title='bbox 160 619 227 659; x_wconf 84' lang='lat' dir='ltr'>hic</span> <span class='ocrx_word' id='word_1_44' title='bbox 249 623 389 660; x_wconf 83' lang='lat' dir='ltr'>tamen</span> <span class='ocrx_word' id='word_1_45' title='bbox 411 620 588 672; x_wconf 86' lang='lat' dir='ltr'>ancipiti</span> <span class='ocrx_word' id='word_1_46' title='bbox 614 621 742 672; x_wconf 86' lang='lat' dir='ltr'>figens</span> <span class='ocrx_word' id='word_1_47' title='bbox 763 620 937 672; x_wconf 85' lang='lat' dir='ltr'>vestigia</span> <span class='ocrx_word' id='word_1_48' title='bbox 957 620 1102 672; x_wconf 87' lang='lat' dir='ltr'>planta</span> 
     </span>
    </p>
   </div>
   <div class='ocr_carea' id='block_1_3' title="bbox 133 684 1340 737">
    <p class='ocr_par' dir='ltr' id='par_1_4' title="bbox 133 684 1340 737">
     <span class='ocr_line' id='line_1_9' title="bbox 133 684 1340 737; baseline 0.001 -14"><span class='ocrx_word' id='word_1_49' title='bbox 133 709 137 712; x_wconf 60' lang='lat'>&gt;</span> <span class='ocrx_word' id='word_1_50' title='bbox 159 684 317 724; x_wconf 78' lang='lat' dir='ltr'>victum</span> <span class='ocrx_word' id='word_1_51' title='bbox 341 685 413 724; x_wconf 89' lang='lat' dir='ltr'>illa</span> <span class='ocrx_word' id='word_1_52' title='bbox 433 685 624 724; x_wconf 78' lang='lat' dir='ltr'>mercede</span> <span class='ocrx_word' id='word_1_53' title='bbox 644 688 778 737; x_wconf 87' lang='lat' dir='ltr'>parat,</span> <span class='ocrx_word' id='word_1_54' title='bbox 803 685 1080 736; x_wconf 77' lang='lat' dir='ltr'>brumamque</span> <span class='ocrx_word' id='word_1_55' title='bbox 1101 686 1340 737; x_wconf 81' lang='lat' dir='ltr'>famemque</span> 
     </span>
    </p>
   </div>
   <div class='ocr_carea' id='block_1_4' title="bbox 157 749 1179 868">
    <p class='ocr_par' dir='ltr' id='par_1_5' title="bbox 157 749 1179 868">
     <span class='ocr_line' id='line_1_10' title="bbox 158 749 1106 803; baseline 0.001 -14"><span class='ocrx_word' id='word_1_56' title='bbox 158 749 230 789; x_wconf 87' lang='lat' dir='ltr'>illa</span> <span class='ocrx_word' id='word_1_57' title='bbox 250 753 356 790; x_wconf 90' lang='lat' dir='ltr'>reste</span> <span class='ocrx_word' id='word_1_58' title='bbox 378 754 515 790; x_wconf 80' lang='lat' dir='ltr'>cavet:</span> <span class='ocrx_word' id='word_1_59' title='bbox 546 753 591 789; x_wconf 90' lang='lat' dir='ltr'>tu</span> <span class='ocrx_word' id='word_1_60' title='bbox 615 754 790 803; x_wconf 83' lang='lat' dir='ltr'>propter</span> <span class='ocrx_word' id='word_1_61' title='bbox 809 750 924 790; x_wconf 88' lang='lat' dir='ltr'>mille</span> <span class='ocrx_word' id='word_1_62' title='bbox 946 750 1106 790; x_wconf 89' lang='lat' dir='ltr'>talenta</span> 
     </span>
     <span class='ocr_line' id='line_1_11' title="bbox 157 815 1179 868; baseline 0 -13"><span class='ocrx_word' id='word_1_63' title='bbox 157 818 200 855; x_wconf 88' lang='lat' dir='ltr'>et</span> <span class='ocrx_word' id='word_1_64' title='bbox 219 818 391 855; x_wconf 88' lang='lat' dir='ltr'>centum</span> <span class='ocrx_word' id='word_1_65' title='bbox 412 815 532 855; x_wconf 82' lang='lat' dir='ltr'>villas</span> <span class='ocrx_word' id='word_1_66' title='bbox 552 815 813 855; x_wconf 87' lang='lat' dir='ltr'>temerarius.</span> <span class='ocrx_word' id='word_1_67' title='bbox 873 815 1010 867; x_wconf 78' lang='lat' dir='ltr'>aspice</span> <span class='ocrx_word' id='word_1_68' title='bbox 1031 818 1179 868; x_wconf 88' lang='lat' dir='ltr'>portus</span> 
     </span>
    </p>
   </div>
   <div class='ocr_carea' id='block_1_5' title="bbox 157 880 1500 933">
    <p class='ocr_par' dir='ltr' id='par_1_6' title="bbox 157 880 1500 933">
     <span class='ocr_line' id='line_1_12' title="bbox 157 880 1500 933; baseline 0.001 -13"><span class='ocrx_word' id='word_1_69' title='bbox 157 883 201 920; x_wconf 86' lang='lat' dir='ltr'>et</span> <span class='ocrx_word' id='word_1_70' title='bbox 221 881 395 932; x_wconf 82' lang='lat' dir='ltr'>plenum</span> <span class='ocrx_word' id='word_1_71' title='bbox 418 880 581 933; x_wconf 89' lang='lat' dir='ltr'>maguis</span> <span class='ocrx_word' id='word_1_72' title='bbox 602 880 790 920; x_wconf 77' lang='lat' dir='ltr'>trabibus</span> <span class='ocrx_word' id='word_1_73' title='bbox 811 894 946 920; x_wconf 90' lang='lat' dir='ltr'>marc:</span> <span class='ocrx_word' id='word_1_74' title='bbox 977 881 1073 933; x_wconf 87' lang='lat' dir='ltr'>plus</span> <span class='ocrx_word' id='word_1_75' title='bbox 1093 881 1315 921; x_wconf 90' lang='lat' dir='ltr'>hominum</span> <span class='ocrx_word' id='word_1_76' title='bbox 1336 886 1397 922; x_wconf 84' lang='lat' dir='ltr'>est</span> <span class='ocrx_word' id='word_1_77' title='bbox 1421 883 1500 922; x_wconf 88' lang='lat' dir='ltr'>iam</span> 
     </span>
    </p>
   </div>
   <div class='ocr_carea' id='block_1_6' title="bbox 155 945 1298 1836">
    <p class='ocr_par' dir='ltr' id='par_1_7' title="bbox 156 945 1297 1378">
     <span class='ocr_line' id='line_1_13' title="bbox 157 945 1232 998; baseline 0.002 -14"><span class='ocrx_word' id='word_1_78' title='bbox 157 945 202 984; x_wconf 94' lang='lat' dir='ltr'>in</span> <span class='ocrx_word' id='word_1_79' title='bbox 223 945 384 998; x_wconf 82' lang='lat' dir='ltr'>pelago.</span> <span class='ocrx_word' id='word_1_80' title='bbox 447 945 585 985; x_wconf 86' lang='lat' dir='ltr'>veniet</span> <span class='ocrx_word' id='word_1_81' title='bbox 605 945 758 994; x_wconf 89' lang='lat' dir='ltr'>classis,</span> <span class='ocrx_word' id='word_1_82' title='bbox 785 959 1053 998; x_wconf 84' lang='lat' dir='ltr'>quocumque</span> <span class='ocrx_word' id='word_1_83' title='bbox 1074 946 1232 986; x_wconf 83' lang='lat' dir='ltr'>vocarit</span> 
     </span>
     <span class='ocr_line' id='line_1_14' title="bbox 157 1010 1265 1064; baseline 0 -13"><span class='ocrx_word' id='word_1_84' title='bbox 157 1024 248 1062; x_wconf 82' lang='lat' dir='ltr'>spes</span> <span class='ocrx_word' id='word_1_85' title='bbox 267 1011 390 1059; x_wconf 86' lang='lat' dir='ltr'>lucri,</span> <span class='ocrx_word' id='word_1_86' title='bbox 415 1024 490 1051; x_wconf 88' lang='lat' dir='ltr'>nec</span> <span class='ocrx_word' id='word_1_87' title='bbox 513 1010 789 1064; x_wconf 77' lang='lat' dir='ltr'>Carpathium</span> <span class='ocrx_word' id='word_1_88' title='bbox 814 1011 1075 1064; x_wconf 80' lang='lat' dir='ltr'>Gaetulaque</span> <span class='ocrx_word' id='word_1_89' title='bbox 1096 1014 1265 1052; x_wconf 89' lang='lat' dir='ltr'>tantum</span> 
     </span>
     <span class='ocr_line' id='line_1_15' title="bbox 157 1076 1137 1129; baseline 0.001 -13"><span class='ocrx_word' id='word_1_90' title='bbox 157 1089 337 1128; x_wconf 88' lang='lat' dir='ltr'>aequora</span> <span class='ocrx_word' id='word_1_91' title='bbox 359 1076 578 1124; x_wconf 84' lang='lat' dir='ltr'>transiliet,</span> <span class='ocrx_word' id='word_1_92' title='bbox 603 1077 673 1116; x_wconf 84' lang='lat' dir='ltr'>sed</span> <span class='ocrx_word' id='word_1_93' title='bbox 695 1077 818 1129; x_wconf 87' lang='lat' dir='ltr'>longe</span> <span class='ocrx_word' id='word_1_94' title='bbox 841 1076 969 1129; x_wconf 83' lang='lat' dir='ltr'>Calpe</span> <span class='ocrx_word' id='word_1_95' title='bbox 991 1077 1137 1117; x_wconf 88' lang='lat' dir='ltr'>relicta</span> 
     </span>
     <span class='ocr_line' id='line_1_16' title="bbox 157 1133 1154 1194; baseline 0.001 -13"><span class='ocrx_word' id='word_1_96' title='bbox 157 1141 301 1181; x_wconf 86' lang='lat' dir='ltr'>audiet</span> <span class='ocrx_word' id='word_1_97' title='bbox 321 1141 531 1182; x_wconf 87' lang='lat' dir='ltr'>Herculeo</span> <span class='ocrx_word' id='word_1_98' title='bbox 552 1133 800 1182; x_wconf 81' lang='lat' dir='ltr'>stridentem</span> <span class='ocrx_word' id='word_1_99' title='bbox 821 1142 992 1194; x_wconf 78' lang='lat' dir='ltr'>gurgite</span> <span class='ocrx_word' id='word_1_100' title='bbox 1013 1142 1154 1182; x_wconf 86' lang='lat' dir='ltr'>solem.</span> 
     </span>
     <span class='ocr_line' id='line_1_17' title="bbox 156 1207 1297 1260; baseline 0.001 -14"><span class='ocrx_word' id='word_1_101' title='bbox 156 1207 315 1259; x_wconf 81' lang='lat' dir='ltr'>grande</span> <span class='ocrx_word' id='word_1_102' title='bbox 336 1220 483 1260; x_wconf 88' lang='lat' dir='ltr'>operae</span> <span class='ocrx_word' id='word_1_103' title='bbox 503 1208 688 1260; x_wconf 87' lang='lat' dir='ltr'>pretium</span> <span class='ocrx_word' id='word_1_104' title='bbox 710 1210 785 1255; x_wconf 85' lang='lat' dir='ltr'>est,</span> <span class='ocrx_word' id='word_1_105' title='bbox 811 1210 860 1247; x_wconf 88' lang='lat' dir='ltr'>ut</span> <span class='ocrx_word' id='word_1_106' title='bbox 880 1210 1000 1248; x_wconf 88' lang='lat' dir='ltr'>tenso</span> <span class='ocrx_word' id='word_1_107' title='bbox 1022 1208 1121 1248; x_wconf 74' lang='lat' dir='ltr'>folle</span> <span class='ocrx_word' id='word_1_108' title='bbox 1143 1208 1297 1248; x_wconf 84' lang='lat' dir='ltr'>reverti</span> 
     </span>
     <span class='ocr_line' id='line_1_18' title="bbox 156 1272 1245 1325; baseline 0.001 -13"><span class='ocrx_word' id='word_1_109' title='bbox 156 1272 254 1312; x_wconf 85' lang='lat' dir='ltr'>inde</span> <span class='ocrx_word' id='word_1_110' title='bbox 275 1273 449 1313; x_wconf 85' lang='lat' dir='ltr'>domum</span> <span class='ocrx_word' id='word_1_111' title='bbox 469 1273 600 1325; x_wconf 87' lang='lat' dir='ltr'>possis</span> <span class='ocrx_word' id='word_1_112' title='bbox 620 1272 869 1325; x_wconf 85' lang='lat' dir='ltr'>tumidaque</span> <span class='ocrx_word' id='word_1_113' title='bbox 890 1273 1095 1325; x_wconf 89' lang='lat' dir='ltr'>superbus</span> <span class='ocrx_word' id='word_1_114' title='bbox 1115 1274 1245 1322; x_wconf 86' lang='lat' dir='ltr'>aluta,</span> 
     </span>
     <span class='ocr_line' id='line_1_19' title="bbox 158 1337 1166 1378; baseline 0.001 -1"><span class='ocrx_word' id='word_1_115' title='bbox 158 1337 312 1378; x_wconf 86' lang='lat' dir='ltr'>Oceani</span> <span class='ocrx_word' id='word_1_116' title='bbox 334 1341 522 1378; x_wconf 88' lang='lat' dir='ltr'>monstra</span> <span class='ocrx_word' id='word_1_117' title='bbox 542 1341 584 1378; x_wconf 90' lang='lat' dir='ltr'>et</span> <span class='ocrx_word' id='word_1_118' title='bbox 603 1337 774 1378; x_wconf 82' lang='lat' dir='ltr'>iuvenes</span> <span class='ocrx_word' id='word_1_119' title='bbox 794 1338 947 1378; x_wconf 73' lang='lat' dir='ltr'>vidisse</span> <span class='ocrx_word' id='word_1_120' title='bbox 967 1338 1166 1378; x_wconf 89' lang='lat' dir='ltr'>marinos.</span> 
     </span>
    </p>

    <p class='ocr_par' dir='ltr' id='par_1_8' title="bbox 159 1403 1166 1455">
     <span class='ocr_line' id='line_1_20' title="bbox 159 1403 1166 1455; baseline 0.002 -13"><span class='ocrx_word' id='word_1_121' title='bbox 159 1416 242 1443; x_wconf 91' lang='lat' dir='ltr'>non</span> <span class='ocrx_word' id='word_1_122' title='bbox 262 1417 373 1443; x_wconf 86' lang='lat' dir='ltr'>unus</span> <span class='ocrx_word' id='word_1_123' title='bbox 393 1407 556 1443; x_wconf 82' lang='lat' dir='ltr'>mentes</span> <span class='ocrx_word' id='word_1_124' title='bbox 575 1403 709 1455; x_wconf 86' lang='lat' dir='ltr'>agitat</span> <span class='ocrx_word' id='word_1_125' title='bbox 729 1404 862 1443; x_wconf 80' lang='lat' dir='ltr'>furor.</span> <span class='ocrx_word' id='word_1_126' title='bbox 923 1403 994 1443; x_wconf 91' lang='lat' dir='ltr'>ille</span> <span class='ocrx_word' id='word_1_127' title='bbox 1015 1403 1166 1444; x_wconf 88' lang='lat' dir='ltr'>sororis</span> 
     </span>
    </p>

    <p class='ocr_par' dir='ltr' id='par_1_9' title="bbox 155 1468 1298 1718">
     <span class='ocr_line' id='line_1_21' title="bbox 156 1468 1262 1522; baseline 0.001 -14"><span class='ocrx_word' id='word_1_128' title='bbox 156 1468 200 1508; x_wconf 90' lang='lat' dir='ltr'>in</span> <span class='ocrx_word' id='word_1_129' title='bbox 221 1469 416 1509; x_wconf 88' lang='lat' dir='ltr'>manibus</span> <span class='ocrx_word' id='word_1_130' title='bbox 436 1469 558 1508; x_wconf 80' lang='lat' dir='ltr'>vultu</span> <span class='ocrx_word' id='word_1_131' title='bbox 582 1469 870 1508; x_wconf 83' lang='lat' dir='ltr'>Eumenidum</span> <span class='ocrx_word' id='word_1_132' title='bbox 893 1471 1076 1509; x_wconf 88' lang='lat' dir='ltr'>terretur</span> <span class='ocrx_word' id='word_1_133' title='bbox 1095 1472 1137 1509; x_wconf 87' lang='lat' dir='ltr'>et</span> <span class='ocrx_word' id='word_1_134' title='bbox 1157 1469 1262 1522; x_wconf 85' lang='lat' dir='ltr'>igni,</span> 
     </span>
     <span class='ocr_line' id='line_1_22' title="bbox 157 1534 1249 1587; baseline 0.002 -14"><span class='ocrx_word' id='word_1_135' title='bbox 157 1534 224 1574; x_wconf 91' lang='lat' dir='ltr'>hic</span> <span class='ocrx_word' id='word_1_136' title='bbox 244 1535 347 1574; x_wconf 87' lang='lat' dir='ltr'>bove</span> <span class='ocrx_word' id='word_1_137' title='bbox 367 1548 563 1587; x_wconf 86' lang='lat' dir='ltr'>percusso</span> <span class='ocrx_word' id='word_1_138' title='bbox 585 1535 748 1586; x_wconf 89' lang='lat' dir='ltr'>mugire</span> <span class='ocrx_word' id='word_1_139' title='bbox 770 1534 1092 1586; x_wconf 88' lang='lat' dir='ltr'>Agamemnona</span> <span class='ocrx_word' id='word_1_140' title='bbox 1114 1535 1249 1575; x_wconf 85' lang='lat' dir='ltr'>credit</span> 
     </span>
     <span class='ocr_line' id='line_1_23' title="bbox 155 1600 1298 1652; baseline 0.002 -13"><span class='ocrx_word' id='word_1_141' title='bbox 155 1603 229 1639; x_wconf 89' lang='lat' dir='ltr'>aut</span> <span class='ocrx_word' id='word_1_142' title='bbox 250 1600 466 1640; x_wconf 89' lang='lat' dir='ltr'>Ithacum:</span> <span class='ocrx_word' id='word_1_143' title='bbox 497 1602 642 1651; x_wconf 87' lang='lat' dir='ltr'>parcat</span> <span class='ocrx_word' id='word_1_144' title='bbox 663 1600 820 1640; x_wconf 88' lang='lat' dir='ltr'>tunicis</span> <span class='ocrx_word' id='word_1_145' title='bbox 841 1600 938 1640; x_wconf 87' lang='lat' dir='ltr'>licet</span> <span class='ocrx_word' id='word_1_146' title='bbox 958 1603 1085 1652; x_wconf 86' lang='lat' dir='ltr'>atque</span> <span class='ocrx_word' id='word_1_147' title='bbox 1105 1600 1298 1650; x_wconf 87' lang='lat' dir='ltr'>lacernis,</span> 
     </span>
     <span class='ocr_line' id='line_1_24' title="bbox 155 1665 1139 1718; baseline 0.002 -14"><span class='ocrx_word' id='word_1_148' title='bbox 155 1665 359 1705; x_wconf 84' lang='lat' dir='ltr'>curatoris</span> <span class='ocrx_word' id='word_1_149' title='bbox 379 1668 473 1717; x_wconf 89' lang='lat' dir='ltr'>eget</span> <span class='ocrx_word' id='word_1_150' title='bbox 495 1665 566 1717; x_wconf 86' lang='lat' dir='ltr'>qui</span> <span class='ocrx_word' id='word_1_151' title='bbox 590 1678 737 1705; x_wconf 85' lang='lat' dir='ltr'>navem</span> <span class='ocrx_word' id='word_1_152' title='bbox 759 1665 969 1705; x_wconf 89' lang='lat' dir='ltr'>mercibus</span> <span class='ocrx_word' id='word_1_153' title='bbox 989 1665 1139 1718; x_wconf 88' lang='lat' dir='ltr'>implet</span> 
     </span>
    </p>

    <p class='ocr_par' dir='ltr' id='par_1_10' title="bbox 155 1730 1256 1836">
     <span class='ocr_line' id='line_1_25' title="bbox 155 1730 1256 1781; baseline 0.001 -12"><span class='ocrx_word' id='word_1_154' title='bbox 155 1730 206 1770; x_wconf 90' lang='lat' dir='ltr'>ad</span> <span class='ocrx_word' id='word_1_155' title='bbox 229 1743 444 1769; x_wconf 87' lang='lat' dir='ltr'>summum</span> <span class='ocrx_word' id='word_1_156' title='bbox 464 1730 576 1770; x_wconf 89' lang='lat' dir='ltr'>latus</span> <span class='ocrx_word' id='word_1_157' title='bbox 596 1733 638 1770; x_wconf 87' lang='lat' dir='ltr'>et</span> <span class='ocrx_word' id='word_1_158' title='bbox 658 1731 802 1770; x_wconf 87' lang='lat' dir='ltr'>tabula</span> <span class='ocrx_word' id='word_1_159' title='bbox 823 1731 1107 1781; x_wconf 85' lang='lat' dir='ltr'>distinguitur</span> <span class='ocrx_word' id='word_1_160' title='bbox 1127 1731 1256 1779; x_wconf 85' lang='lat' dir='ltr'>unda,</span> 
     </span>
     <span class='ocr_line' id='line_1_26' title="bbox 155 1795 1210 1836; baseline 0 -1"><span class='ocrx_word' id='word_1_161' title='bbox 155 1808 253 1835; x_wconf 87' lang='lat' dir='ltr'>cum</span> <span class='ocrx_word' id='word_1_162' title='bbox 274 1795 328 1835; x_wconf 88' lang='lat' dir='ltr'>sit</span> <span class='ocrx_word' id='word_1_163' title='bbox 348 1809 471 1835; x_wconf 88' lang='lat' dir='ltr'>causa</span> <span class='ocrx_word' id='word_1_164' title='bbox 491 1796 591 1835; x_wconf 86' lang='lat' dir='ltr'>mali</span> <span class='ocrx_word' id='word_1_165' title='bbox 613 1796 722 1835; x_wconf 89' lang='lat' dir='ltr'>tanti</span> <span class='ocrx_word' id='word_1_166' title='bbox 743 1799 785 1835; x_wconf 87' lang='lat' dir='ltr'>et</span> <span class='ocrx_word' id='word_1_167' title='bbox 805 1796 1061 1836; x_wconf 82' lang='lat' dir='ltr'>discriminis</span> <span class='ocrx_word' id='word_1_168' title='bbox 1081 1796 1210 1836; x_wconf 83' lang='lat' dir='ltr'>huius</span> 
     </span>
    </p>
   </div>
   <div class='ocr_carea' id='block_1_7' title="bbox 155 1860 1306 1913">
    <p class='ocr_par' dir='ltr' id='par_1_11' title="bbox 155 1860 1306 1913">
     <span class='ocr_line' id='line_1_27' title="bbox 155 1860 1306 1913; baseline 0.001 -13"><span class='ocrx_word' id='word_1_169' title='bbox 155 1861 369 1901; x_wconf 87' lang='lat' dir='ltr'>concisum</span> <span class='ocrx_word' id='word_1_170' title='bbox 391 1863 617 1913; x_wconf 88' lang='lat' dir='ltr'>argentum</span> <span class='ocrx_word' id='word_1_171' title='bbox 638 1860 682 1900; x_wconf 91' lang='lat' dir='ltr'>in</span> <span class='ocrx_word' id='word_1_172' title='bbox 703 1861 852 1901; x_wconf 86' lang='lat' dir='ltr'>titulos</span> <span class='ocrx_word' id='word_1_173' title='bbox 873 1861 1084 1913; x_wconf 81' lang='lat' dir='ltr'>faciesque</span> <span class='ocrx_word' id='word_1_174' title='bbox 1105 1861 1306 1902; x_wconf 88' lang='lat' dir='ltr'>minutas.</span> 
     </span>
    </p>
   </div>
   <div class='ocr_carea' id='block_1_8' title="bbox 155 1926 1275 2503">
    <p class='ocr_par' dir='ltr' id='par_1_12' title="bbox 155 1926 1207 2045">
     <span class='ocr_line' id='line_1_28' title="bbox 155 1926 1207 1978; baseline 0 -12"><span class='ocrx_word' id='word_1_175' title='bbox 155 1929 386 1967; x_wconf 88' lang='lat' dir='ltr'>occurrunt</span> <span class='ocrx_word' id='word_1_176' title='bbox 406 1926 538 1966; x_wconf 90' lang='lat' dir='ltr'>nubes</span> <span class='ocrx_word' id='word_1_177' title='bbox 558 1929 601 1966; x_wconf 90' lang='lat' dir='ltr'>et</span> <span class='ocrx_word' id='word_1_178' title='bbox 620 1926 813 1978; x_wconf 78' lang='lat' dir='ltr'>fulgura:</span> <span class='ocrx_word' id='word_1_179' title='bbox 839 1927 848 1944; x_wconf 89' lang='lat'>‘</span> <span class='ocrx_word' id='word_1_180' title='bbox 865 1927 1012 1967; x_wconf 85' lang='lat' dir='ltr'>solvite</span> <span class='ocrx_word' id='word_1_181' title='bbox 1032 1927 1181 1967; x_wconf 79' lang='lat' dir='ltr'>funem</span> <span class='ocrx_word' id='word_1_182' title='bbox 1197 1927 1207 1945; x_wconf 87' lang='lat'>&#39;</span> 
     </span>
     <span class='ocr_line' id='line_1_29' title="bbox 155 1991 1188 2045; baseline 0.001 -15"><span class='ocrx_word' id='word_1_183' title='bbox 155 1991 362 2032; x_wconf 82' lang='lat' dir='ltr'>frumenti</span> <span class='ocrx_word' id='word_1_184' title='bbox 384 1991 582 2032; x_wconf 89' lang='lat' dir='ltr'>dominus</span> <span class='ocrx_word' id='word_1_185' title='bbox 601 1992 756 2032; x_wconf 88' lang='lat' dir='ltr'>clamat</span> <span class='ocrx_word' id='word_1_186' title='bbox 779 1992 985 2044; x_wconf 84' lang='lat' dir='ltr'>piperisve</span> <span class='ocrx_word' id='word_1_187' title='bbox 1006 1992 1188 2045; x_wconf 86' lang='lat' dir='ltr'>coempti</span> 
     </span>
    </p>

    <p class='ocr_par' dir='ltr' id='par_1_13' title="bbox 155 2056 1275 2306">
     <span class='ocr_line' id='line_1_30' title="bbox 159 2056 1212 2110; baseline 0 -14"><span class='ocrx_word' id='word_1_188' title='bbox 159 2056 168 2074; x_wconf 88' lang='lat'>‘</span> <span class='ocrx_word' id='word_1_189' title='bbox 186 2057 245 2097; x_wconf 86' lang='lat' dir='ltr'>nil</span> <span class='ocrx_word' id='word_1_190' title='bbox 266 2057 378 2097; x_wconf 89' lang='lat' dir='ltr'>color</span> <span class='ocrx_word' id='word_1_191' title='bbox 398 2057 467 2097; x_wconf 90' lang='lat' dir='ltr'>hic</span> <span class='ocrx_word' id='word_1_192' title='bbox 488 2057 605 2105; x_wconf 88' lang='lat' dir='ltr'>caeli,</span> <span class='ocrx_word' id='word_1_193' title='bbox 631 2057 690 2096; x_wconf 90' lang='lat' dir='ltr'>nil</span> <span class='ocrx_word' id='word_1_194' title='bbox 712 2057 841 2098; x_wconf 83' lang='lat' dir='ltr'>fascia</span> <span class='ocrx_word' id='word_1_195' title='bbox 864 2057 983 2110; x_wconf 89' lang='lat' dir='ltr'>nigra</span> <span class='ocrx_word' id='word_1_196' title='bbox 1004 2058 1212 2107; x_wconf 84' lang='lat' dir='ltr'>minatur3</span> 
     </span>
     <span class='ocr_line' id='line_1_31' title="bbox 155 2122 1154 2175; baseline 0.001 -13"><span class='ocrx_word' id='word_1_197' title='bbox 155 2122 361 2162; x_wconf 86' lang='lat' dir='ltr'>aestivum</span> <span class='ocrx_word' id='word_1_198' title='bbox 383 2123 535 2163; x_wconf 87' lang='lat' dir='ltr'>tonat.&#39;</span> <span class='ocrx_word' id='word_1_199' title='bbox 595 2122 745 2162; x_wconf 81' lang='lat' dir='ltr'>infelix</span> <span class='ocrx_word' id='word_1_200' title='bbox 766 2123 844 2163; x_wconf 89' lang='lat' dir='ltr'>hac</span> <span class='ocrx_word' id='word_1_201' title='bbox 865 2123 1044 2163; x_wconf 81' lang='lat' dir='ltr'>forsitan</span> <span class='ocrx_word' id='word_1_202' title='bbox 1066 2123 1154 2175; x_wconf 88' lang='lat' dir='ltr'>ipsa</span> 
     </span>
     <span class='ocr_line' id='line_1_32' title="bbox 156 2188 1275 2240; baseline 0 -12"><span class='ocrx_word' id='word_1_203' title='bbox 156 2190 278 2228; x_wconf 86' lang='lat' dir='ltr'>nocte</span> <span class='ocrx_word' id='word_1_204' title='bbox 298 2188 419 2228; x_wconf 87' lang='lat' dir='ltr'>cadet</span> <span class='ocrx_word' id='word_1_205' title='bbox 440 2188 586 2228; x_wconf 86' lang='lat' dir='ltr'>fractis</span> <span class='ocrx_word' id='word_1_206' title='bbox 606 2188 796 2228; x_wconf 88' lang='lat' dir='ltr'>trabibus</span> <span class='ocrx_word' id='word_1_207' title='bbox 819 2189 1037 2240; x_wconf 88' lang='lat' dir='ltr'>fluctuque</span> <span class='ocrx_word' id='word_1_208' title='bbox 1059 2191 1275 2240; x_wconf 86' lang='lat' dir='ltr'>premetur</span> 
     </span>
     <span class='ocr_line' id='line_1_33' title="bbox 156 2252 1141 2306; baseline -0.001 -13"><span class='ocrx_word' id='word_1_209' title='bbox 156 2252 332 2293; x_wconf 86' lang='lat' dir='ltr'>obrutus</span> <span class='ocrx_word' id='word_1_210' title='bbox 352 2257 394 2293; x_wconf 89' lang='lat' dir='ltr'>et</span> <span class='ocrx_word' id='word_1_211' title='bbox 414 2267 560 2293; x_wconf 86' lang='lat' dir='ltr'>zonam</span> <span class='ocrx_word' id='word_1_212' title='bbox 581 2254 697 2294; x_wconf 80' lang='lat' dir='ltr'>laeva</span> <span class='ocrx_word' id='word_1_213' title='bbox 718 2267 944 2306; x_wconf 84' lang='lat' dir='ltr'>morsuque</span> <span class='ocrx_word' id='word_1_214' title='bbox 967 2253 1141 2294; x_wconf 84' lang='lat' dir='ltr'>tenebit.</span> 
     </span>
    </p>

    <p class='ocr_par' dir='ltr' id='par_1_14' title="bbox 155 2317 1206 2503">
     <span class='ocr_line' id='line_1_34' title="bbox 156 2317 1164 2359; baseline 0 -1"><span class='ocrx_word' id='word_1_215' title='bbox 156 2317 224 2358; x_wconf 86' lang='lat' dir='ltr'>sed</span> <span class='ocrx_word' id='word_1_216' title='bbox 247 2318 367 2358; x_wconf 85' lang='lat' dir='ltr'>cuius</span> <span class='ocrx_word' id='word_1_217' title='bbox 390 2319 496 2359; x_wconf 81' lang='lat' dir='ltr'>votis</span> <span class='ocrx_word' id='word_1_218' title='bbox 516 2319 640 2359; x_wconf 90' lang='lat' dir='ltr'>modo</span> <span class='ocrx_word' id='word_1_219' title='bbox 662 2332 746 2359; x_wconf 90' lang='lat' dir='ltr'>non</span> <span class='ocrx_word' id='word_1_220' title='bbox 767 2319 991 2359; x_wconf 84' lang='lat' dir='ltr'>suffecerat</span> <span class='ocrx_word' id='word_1_221' title='bbox 1011 2332 1164 2359; x_wconf 89' lang='lat' dir='ltr'>aurum</span> 
     </span>
     <span class='ocr_line' id='line_1_35' title="bbox 157 2383 1206 2435; baseline 0.003 -14"><span class='ocrx_word' id='word_1_222' title='bbox 157 2383 268 2435; x_wconf 90' lang='lat' dir='ltr'>quod</span> <span class='ocrx_word' id='word_1_223' title='bbox 291 2383 432 2435; x_wconf 86' lang='lat' dir='ltr'>Tagus</span> <span class='ocrx_word' id='word_1_224' title='bbox 451 2387 494 2424; x_wconf 89' lang='lat' dir='ltr'>et</span> <span class='ocrx_word' id='word_1_225' title='bbox 513 2384 643 2424; x_wconf 89' lang='lat' dir='ltr'>rutila</span> <span class='ocrx_word' id='word_1_226' title='bbox 664 2384 796 2424; x_wconf 83' lang='lat' dir='ltr'>volvit</span> <span class='ocrx_word' id='word_1_227' title='bbox 819 2384 1016 2424; x_wconf 85' lang='lat' dir='ltr'>Pactolus</span> <span class='ocrx_word' id='word_1_228' title='bbox 1036 2384 1206 2433; x_wconf 89' lang='lat' dir='ltr'>harena,</span> 
     </span>
     <span class='ocr_line' id='line_1_36' title="bbox 155 2447 1092 2503; baseline 0.002 -16"><span class='ocrx_word' id='word_1_229' title='bbox 155 2447 313 2501; x_wconf 78' lang='lat' dir='ltr'>frigida</span> <span class='ocrx_word' id='word_1_230' title='bbox 332 2448 544 2489; x_wconf 85' lang='lat' dir='ltr'>sufficient</span> <span class='ocrx_word' id='word_1_231' title='bbox 564 2449 742 2489; x_wconf 88' lang='lat' dir='ltr'>velantis</span> <span class='ocrx_word' id='word_1_232' title='bbox 764 2449 941 2501; x_wconf 86' lang='lat' dir='ltr'>inguina</span> <span class='ocrx_word' id='word_1_233' title='bbox 961 2450 1092 2503; x_wconf 88' lang='lat' dir='ltr'>panni</span> 
     </span>
    </p>
   </div>
   <div class='ocr_carea' id='block_1_9' title="bbox 1551 131 1628 173">
    <p class='ocr_par' dir='ltr' id='par_1_15' title="bbox 1551 131 1628 173">
     <span class='ocr_line' id='line_1_37' title="bbox 1551 131 1628 173; baseline 0.026 -13"><span class='ocrx_word' id='word_1_234' title='bbox 1551 131 1628 173; x_wconf 90' lang='lat'>107</span> 
     </span>
    </p>
   </div>
   <div class='ocr_carea' id='block_1_10' title="bbox 1547 820 1626 860">
    <p class='ocr_par' dir='ltr' id='par_1_16' title="bbox 1547 820 1626 860">
     <span class='ocr_line' id='line_1_38' title="bbox 1547 820 1626 860; baseline 0.013 -2"><span class='ocrx_word' id='word_1_235' title='bbox 1547 820 1626 860; x_wconf 77' lang='lat'>275</span> 
     </span>
    </p>
   </div>
   <div class='ocr_carea' id='block_1_11' title="bbox 1548 1146 1625 1185">
    <p class='ocr_par' dir='ltr' id='par_1_17' title="bbox 1548 1146 1625 1185">
     <span class='ocr_line' id='line_1_39' title="bbox 1548 1146 1625 1185; baseline 0 -1"><span class='ocrx_word' id='word_1_236' title='bbox 1548 1146 1625 1185; x_wconf 81' lang='lat'>280</span> 
     </span>
    </p>
   </div>
   <div class='ocr_carea' id='block_1_12' title="bbox 1545 1799 1624 1838">
    <p class='ocr_par' dir='ltr' id='par_1_18' title="bbox 1545 1799 1624 1838">
     <span class='ocr_line' id='line_1_40' title="bbox 1545 1799 1624 1838; baseline 0 0"><span class='ocrx_word' id='word_1_237' title='bbox 1545 1799 1624 1838; x_wconf 80' lang='lat'>290</span> 
     </span>
    </p>
   </div>
   <div class='ocr_carea' id='block_1_13' title="bbox 1545 2127 1621 2166">
    <p class='ocr_par' dir='ltr' id='par_1_19' title="bbox 1545 2127 1621 2166">
     <span class='ocr_line' id='line_1_41' title="bbox 1545 2127 1621 2166; baseline 0.013 -1"><span class='ocrx_word' id='word_1_238' title='bbox 1545 2127 1621 2166; x_wconf 83' lang='lat'>295</span> 
     </span>
    </p>
   </div>
   <div class='ocr_carea' id='block_1_14' title="bbox 1545 2455 1623 2493">
    <p class='ocr_par' dir='ltr' id='par_1_20' title="bbox 1545 2455 1623 2493">
     <span class='ocr_line' id='line_1_42' title="bbox 1545 2455 1623 2493; baseline -0.013 0"><span class='ocrx_word' id='word_1_239' title='bbox 1545 2455 1623 2493; x_wconf 88' lang='lat'>300</span> 
     </span>
    </p>
   </div>
  </div>
 </body>
</html>
