1778 2693
519 487 570 529 D.
619 486 784 528 IVNII
836 484 1181 528 IVVENALIS

390 649 1309 724 SATVRARVM

628 856 805 896 LIBER
850 854 1068 896 PRIMVS

731 1000 926 1034 SATVRA
952 999 968 1032 I

117 1105 293 1158 Semper
314 1117 391 1158 ego
412 1104 584 1145 auditor
606 1105 777 1143 tantum
801 1102 818 1142 ἶ)
856 1116 1149 1155 numquamne
1171 1115 1374 1154 reponam

116 1173 294 1211 vexatus
315 1170 475 1210 totiens
502 1169 620 1209 rauci
643 1168 850 1208 Theseide
874 1167 1001 1208 Cordi
1023 1169 1040 1207 :²

116 1236 278 1288 inpune
301 1248 400 1288 ergo
422 1234 527 1274 mihi
549 1233 794 1274 recitaverit
816 1233 887 1273 ille
909 1235 1092 1285 togatas,

116 1301 186 1341 hic
207 1301 347 1353 elegos
367 1300 384 1339 Ρ
422 1300 584 1352 inpune
607 1299 720 1339 diem
742 1298 1057 1351 consumpserit
1079 1298 1230 1350 ingens

117 1365 332 1419 Telephus
353 1368 429 1405 aut
450 1364 606 1405 summi
627 1364 755 1417 plena
775 1364 859 1403 iam
881 1363 1074 1415 margine
1094 1363 1193 1402 libri

117 1431 302 1484 scriptus
324 1434 366 1470 et
388 1430 432 1469 in
453 1434 576 1481 tergo
596 1429 782 1469 necdum
804 1428 954 1468 finitus
978 1427 1147 1467 Orestes
1167 1427 1185 1466 Ρ

116 1499 220 1536 nota
240 1495 374 1547 magis
394 1494 504 1534 nulli
527 1494 679 1534 domus
701 1496 765 1533 est
785 1507 874 1541 sua,
900 1506 1027 1545 quam
1049 1492 1155 1531 mihi
1175 1492 1299 1532 lucus

118 1560 269 1600 Martis
290 1564 332 1600 et
355 1560 514 1599 Aeoliis
536 1559 726 1598 vicinum
749 1558 927 1610 rupibus
949 1560 1123 1596 antrum

117 1625 302 1666 Vulcani
323 1639 334 1675 ;
365 1624 468 1678 quid
491 1626 621 1677 agant
642 1623 775 1670 venti,
802 1636 905 1675 quas
936 1625 1132 1674 torqueat
1157 1623 1328 1662 umbras

117 1692 298 1740 Aeacus,
323 1690 438 1730 unde
460 1689 569 1730 alius
590 1688 778 1728 furtivae
801 1687 983 1728 devehat
1013 1701 1165 1727 aurum

116 1756 357 1809 pelliculae,
384 1757 566 1808 quantas
588 1754 802 1794 iaculetur
825 1753 1065 1806 Monychus
1087 1766 1225 1800 ornos.

119 1821 349 1862 Frontonis
369 1820 533 1873 platani
556 1819 843 1871 convulsaque
865 1831 1075 1857 marmora
1096 1818 1284 1857 clamant

118 1899 283 1939 semper
304 1889 346 1926 et
368 1885 549 1925 adsiduo
572 1887 725 1937 ruptae
747 1883 907 1923 lectore
931 1883 1168 1923 columnae.

118 1952 314 2002 expectes
335 1949 483 1988 eadem
506 1961 529 1988 a
551 1960 718 1987 summo
740 1946 1004 1998 minimoque
1026 1948 1165 1998 poeta.

118 2016 161 2054 et
182 2027 258 2054 nos
278 2027 376 2067 ergo
398 2027 574 2053 manum
595 2012 758 2052 ferulae
781 2011 1078 2057 subduximus,
1103 2014 1145 2050 ct
1166 2023 1243 2049 nos

118 2078 345 2119 consilium
366 2078 563 2119 dedimus
585 2077 742 2125 Sullae,
767 2076 960 2129 privatus
982 2078 1031 2115 ut
1052 2075 1189 2114 altum

118 2143 335 2184 dormiret.
396 2144 531 2184 stulta
551 2146 614 2184 est
635 2142 876 2189 clementia,
902 2154 1000 2181 cum
1020 2143 1087 2180 tot
1108 2140 1267 2193 ubique

117 2208 288 2249 vatibus
308 2222 520 2257 occurras,
544 2209 761 2262 periturae
782 2220 954 2260 parcere
976 2205 1177 2261 chartae.ae

119 2287 195 2313 cur
215 2276 358 2314 tamen
379 2274 460 2315 hoc
482 2274 626 2327 potius
646 2274 779 2313 libeat
800 2272 1024 2312 decurrere
1046 2284 1210 2324 campo,

118 2351 193 2391 per
209 2352 335 2392 quem
357 2351 537 2391 magnus
559 2351 688 2391 equos
711 2338 940 2376 Auruncae
962 2336 1079 2375 flexit
1101 2335 1315 2382 alumnus,

119 2403 153 2443 si
175 2407 297 2444 vacat
315 2416 364 2444 ac
385 2403 542 2456 placidi
565 2403 774 2443 rationem
796 2401 1042 2449 admittitis,
1063 2400 1199 2441 edam.
1218 2435 1228 2443 .

1528 1688 1578 1726 10

1536 2012 1578 2049 15

1528 2336 1579 2374 20
