1778 2693
681 128 857 158 SATVRA
889 129 939 158 IX

80 230 146 270 his
165 229 315 283 opibus
334 242 568 282 numquam
589 242 683 269 cara
703 232 765 269 est
785 243 954 270 annona
973 230 1138 270 veneni.

79 308 178 347 ergo
198 295 362 335 occulta
383 299 509 346 teges,
534 297 582 333 ut
602 294 717 334 curia
741 294 889 334 Martis
913 295 1125 335 Athenis.'

134 374 158 400 0
180 360 388 412 Corydon,
415 359 624 411 Corydon,
648 363 853 399 secretum
877 360 1020 400 divitis
1042 360 1179 400 ullum

80 439 165 466 esse
185 430 308 478 putas
322 427 340 464 ἱ)
396 424 502 464 servi
527 430 573 463 ut
595 428 774 472 taceant,
800 425 989 465 iumenta
1010 426 1238 478 loquentur

80 494 123 531 et
142 490 259 531 canis
276 494 317 530 et
338 493 474 543 postes
494 493 536 529 et
557 503 778 529 marmora.
840 491 988 530 claude
1011 491 1229 540 fenestras,

83 556 170 596 vela
201 559 346 608 tegant
369 555 507 602 rimas,
532 555 659 607 iunge
680 556 798 602 ostia,
824 556 959 596 tollite
981 556 1141 604 lumen,

81 634 102 660 e
124 620 262 660 medio
282 621 349 660 fac
369 624 466 660 eant
487 634 645 668 omnes,
673 634 800 672 prope
823 634 943 660 nemo
967 621 1203 661 recumbat:

82 684 192 738 quod
216 689 357 725 tamen
379 686 429 725 ad
451 689 623 725 cantum
645 685 745 737 galli
766 686 870 725 facit
891 686 961 726 ille
982 686 1170 735 secundi,

80 751 298 804 proximus
316 755 414 791 ante
435 751 548 790 diem
569 763 702 803 caupo
723 751 839 798 sciet,
864 751 1008 791 audiet
1028 754 1070 791 et
1092 764 1198 803 quae

81 817 298 856 finxerunt
317 816 474 868 pariter
495 816 666 855 libarius
686 816 956 867 archimagiri

81 884 303 934 carptores.
367 881 477 933 quod
499 881 611 921 enim
633 881 832 920 dubitant
853 894 1103 934 componere
1123 882 1284 921 crimen

81 947 126 987 in
147 947 352 995 dominos,
377 946 571 999 quotiens
592 946 832 985 rumoribus
852 946 1119 986 ulciscuntur

81 1012 249 1052 baltea?
306 1025 381 1052 nec
401 1011 511 1051 derit
531 1011 603 1063 qui
625 1014 666 1051 te
687 1024 760 1064 per
781 1011 967 1063 compita
988 1015 1162 1063 quaerat

80 1077 297 1117 nolentem
318 1080 361 1116 et
381 1077 573 1116 miseram
597 1076 766 1116 vinosus
787 1076 967 1116 inebriet
987 1090 1146 1117 aurem.

81 1142 175 1182 illos
194 1155 292 1194 ergo
312 1155 432 1193 roges
452 1141 660 1193 quidquid
683 1141 809 1194 paulo
829 1144 927 1182 aute
949 1142 1118 1194 petebas

80 1221 105 1248 a
123 1207 257 1255 nobis,
283 1210 447 1247 taceant
466 1206 543 1246 illi.
604 1207 672 1246 sed
695 1207 870 1259 prodere
892 1207 1059 1246 malunt

81 1285 281 1314 arcanum
303 1286 429 1325 quam
449 1271 637 1324 subrepti
659 1275 805 1324 potare
827 1272 1010 1320 Falerni,

81 1351 157 1392 pro
177 1338 335 1390 populo
354 1337 512 1377 faciens
533 1339 741 1389 quantum
765 1337 934 1377 Saufeia
954 1337 1136 1377 bibebat.

81 1403 312 1443 vivendum
332 1406 443 1442 recte
463 1404 538 1448 est,
563 1415 660 1442 cum
680 1405 854 1454 propter
874 1402 1060 1455 plurima
1080 1406 1184 1442 tunc
1204 1403 1271 1443 his

86 1467 262 1521 [idcirco
282 1470 331 1507 ut
351 1468 481 1520 possis
500 1467 689 1519 linguam
711 1470 979 1507 contemnere
1001 1466 1127 1519 servi]

80 1534 305 1587 praecipue
326 1533 472 1580 causis,
497 1535 546 1571 ut
565 1532 732 1584 linguas
752 1532 1062 1584 mancipiorum

82 1602 338 1639 contemnas.
401 1611 476 1637 nec
496 1597 643 1649 lingua
663 1597 761 1636 mali
783 1610 878 1649 pars
900 1597 1076 1649 pessima
1097 1598 1219 1638 servi.

82 1663 266 1704 deterior
287 1666 427 1703 tamen
449 1663 517 1702 hic
539 1663 610 1715 qui
633 1663 737 1702 liber
758 1676 842 1702 non
865 1663 945 1702 erit
966 1663 1063 1711 illis,

83 1742 263 1781 quorum
284 1728 444 1768 animas
463 1731 506 1767 et
525 1728 636 1767 farre
657 1741 731 1767 suo
751 1728 939 1767 custodit
958 1731 1000 1768 et
1020 1741 1124 1769 aere.

139 1794 150 1812 ‘
164 1793 269 1834 utile
290 1793 512 1834 consilium
534 1793 672 1840 modo,
697 1793 768 1832 sed
790 1806 1027 1841 commune,
1052 1793 1220 1833 dedisti.

82 1872 197 1899 nunc
217 1858 324 1898 mihi
345 1858 446 1911 quid
467 1858 614 1908 suades
634 1861 729 1910 post
749 1859 953 1897 damnum
975 1859 1176 1911 temporis
1196 1863 1238 1899 et
1258 1872 1350 1912 spes

82 1925 309 1977 deceptas?
364 1923 539 1963 festinat
559 1923 671 1963 enim
693 1923 913 1963 decurrere
934 1923 1054 1963 velox

82 1988 278 2029 flosculus
297 1991 500 2041 angustae
520 1988 776 2040 miseraeque
798 1988 1040 2028 brevissima
1061 1989 1171 2028 vitae

82 2054 240 2107 porti03
271 2054 373 2093 dum
396 2053 591 2101 bibimus,
615 2054 718 2093 dum
740 2057 849 2093 serta
871 2057 1090 2105 unguenta
1111 2055 1272 2106 puellas

82 2119 304 2173 poscimus,
330 2119 493 2171 obrepit
515 2133 599 2159 non
621 2118 836 2158 intellecta
857 2120 1081 2159 senectus.'

137 2198 190 2225 ne
211 2184 388 2237 trepida,
414 2198 647 2236 numquam
668 2184 862 2237 pathicus
884 2184 961 2223 tibi
983 2185 1093 2224 derit
1113 2185 1273 2226 amicus

83 2249 292 2291 stantibus
311 2253 353 2290 et
374 2250 496 2290 salvis
515 2250 580 2289 his
600 2250 789 2289 collibus.
852 2250 1041 2302 undique
1062 2251 1113 2290 ad
1136 2251 1228 2290 illos

83 2315 336 2356 convenient
355 2320 397 2355 et
416 2315 626 2368 carpentis
645 2319 688 2355 et
708 2315 884 2354 navibus
905 2328 1049 2355 omnes

84 2380 157 2433 qui
178 2380 312 2433 digito
333 2380 528 2433 scalpunt
548 2394 633 2421 uno
654 2384 794 2433 caput.
856 2380 988 2420 altera
1009 2381 1141 2421 maior

84 2458 178 2498 spes
196 2449 394 2500 superest.
457 2448 504 2486 tu
525 2448 694 2486 tantum
715 2445 850 2486 erucis
871 2444 1051 2499 inprime
1071 2446 1258 2487 dentem.

1471 234 1548 272 100

1473 560 1548 598 105

1471 884 1549 921 110

1474 1534 1551 1572 120

1474 2190 1550 2227 130
