1778 2693
719 128 898 158 SATVRA
929 127 1000 157 XII

128 232 171 270 et
190 231 354 282 gratam
376 229 563 282 requiem
584 229 695 269 dona
716 229 814 270 tibi:
846 229 1014 283 quando
1035 228 1188 269 licebat

127 308 202 347 per
225 298 360 334 totum
383 307 539 334 cessare
560 293 705 333 diem?
762 307 847 334 non
870 293 1054 335 faenoris
1074 293 1161 334 ulla

127 359 288 400 mentio
311 373 384 399 nec
405 359 540 411 prima
562 359 593 397 si
617 359 708 399 luce
729 373 888 410 egressa
912 359 1064 400 reverti

127 430 248 465 nocte
269 425 385 472 solet,
412 424 540 464 tacito
561 424 686 464 bilem
711 425 785 464 tibi
807 425 1030 464 contrahat
1051 438 1156 464 uxor

125 491 271 530 umida
291 491 493 543 suspectis
514 490 698 530 referens
728 491 918 530 multicia
941 490 1055 542 rugis

126 562 375 609 vexatasque
396 570 533 597 comas
554 562 595 597 et
619 557 782 596 vultum
806 570 1037 609 auremque
1059 556 1280 596 calentem.

123 622 318 674 protinus
338 626 435 662 ante
456 636 596 662 meum
619 623 827 675 quidquid
851 623 966 662 dolet
987 636 1090 662 exue
1112 622 1258 670 limen,

123 700 232 739 ponc
253 688 426 727 domum
448 693 489 727 et
511 701 646 727 servos
668 692 709 727 et
731 688 939 740 quidquid
963 688 1179 739 frangitur
1199 687 1284 727 illis

123 756 197 792 aut
219 753 341 805 perit,
366 753 553 805 ingratos
573 758 671 793 ante
691 754 833 793 onmia
854 767 961 806 pone
983 753 1158 792 sodales.

123 817 284 857 interea
305 817 600 869 Megalesiacae
621 818 860 870 spectacula
882 831 1058 871 mappae

123 881 297 922 Idaeum
319 883 518 923 sollemne
539 883 699 930 colunt,
724 883 955 935 similisque
978 882 1196 935 triumpho

121 948 276 1000 praeda
295 948 551 987 caballorum
573 953 740 1000 praetor
760 949 891 996 sedet,
916 962 962 988 ac
983 947 1090 986 mihi
1112 961 1213 1000 pace

121 1012 334 1053 inmensae
356 1013 592 1064 nimiaeque
613 1013 712 1053 licet
732 1013 765 1053 si
786 1014 924 1053 dicere
945 1013 1092 1066 plebis,

123 1080 253 1118 totam
275 1078 398 1118 hodie
420 1079 596 1118 Romam
617 1079 752 1118 circus
773 1079 900 1131 capit,
925 1084 968 1118 ct
987 1079 1131 1131 fragor
1150 1092 1294 1118 aurem

121 1144 319 1196 percutit,
342 1149 540 1183 eventum
563 1144 708 1183 viridis
730 1157 812 1196 quo
833 1144 985 1196 colligo
1007 1144 1150 1197 panni.

119 1222 216 1248 nam
239 1209 272 1249 si
293 1209 500 1257 deficeret,
525 1214 725 1249 maestam
746 1210 1058 1262 attonitamque
1078 1210 1239 1250 videres

119 1274 228 1314 hanc
249 1275 395 1314 urbem
416 1275 547 1314 veluti
570 1275 814 1315 Cannarum
836 1275 879 1314 in
901 1275 1073 1328 pulvere
1094 1275 1216 1315 victis

118 1340 374 1380 consulibus.
437 1344 627 1393 spectent
647 1340 833 1387 iuvenes,
859 1354 963 1392 quos
984 1341 1141 1380 clamor
1161 1344 1202 1380 et
1222 1341 1361 1381 audax

119 1405 300 1458 sponsio,
325 1419 429 1457 quos
448 1406 587 1445 cultae
607 1406 726 1445 decet
747 1406 955 1445 adsedisse
976 1406 1162 1458 puellae:

119 1474 261 1510 nostra
281 1471 396 1510 bibat
420 1484 595 1510 vernum
616 1475 832 1511 contracta
851 1471 1037 1510 cuticula
1059 1471 1187 1511 solem

118 1536 379 1588 effugiatque
400 1543 554 1588 togam.
616 1537 698 1576 iam
721 1550 835 1576 nunc
856 1536 897 1576 in
921 1537 1069 1577 balnea
1089 1537 1201 1576 salva

118 1602 259 1642 fronte
280 1602 378 1642 licet
401 1603 536 1650 vadas,
562 1616 819 1654 quamquam
841 1602 973 1643 solida
993 1603 1097 1642 hora
1117 1603 1299 1653 supersit

118 1667 170 1707 ad
191 1670 363 1707 sextam.
425 1667 562 1707 facere
582 1667 661 1707 hoc
681 1680 766 1707 non
788 1668 919 1720 possis
941 1668 1130 1720 quinque
1151 1668 1299 1708 diebus

118 1732 347 1780 continuis,
372 1732 472 1784 quia
491 1735 592 1772 sunt
612 1732 708 1772 talis
729 1745 897 1784 quoque
919 1733 1055 1773 taedia
1076 1732 1186 1773 vitae

118 1810 291 1850 magna3
323 1797 562 1849 voluptates
583 1797 852 1837 commendat
873 1798 1004 1838 rarior
1025 1810 1140 1838 usus.

705 1957 899 1992 SATVRA
930 1957 1001 1990 XII

120 2056 277 2105 Natali,
304 2055 500 2105 Corvine,
523 2056 591 2097 die
612 2056 718 2096 mihi
739 2056 903 2096 dulcior
924 2056 1023 2096 haec
1044 2057 1133 2105 lux,

120 2134 204 2174 qua
224 2122 357 2162 festus
376 2121 580 2175 promissa
599 2122 688 2162 deis
707 2122 907 2162 animalia
927 2135 1093 2174 caespes

119 2190 326 2240 expectat.
386 2187 552 2227 niveam
574 2187 741 2239 reginae
763 2187 959 2227 ducimus
979 2200 1146 2239 agnam,

119 2265 195 2305 par
217 2253 348 2292 vellus
368 2253 539 2292 dabitur
560 2253 770 2305 pugnanti
795 2253 989 2305 Gorgone
1012 2251 1175 2301 Maura,

120 2318 190 2358 sed
211 2318 358 2370 procul
379 2322 599 2358 extensum
621 2319 817 2371 petulans
839 2319 978 2371 quatit
998 2318 1137 2358 hostia
1155 2319 1304 2360 funem

121 2383 299 2436 Tarpeio
320 2387 481 2423 servata
503 2384 590 2423 Iovi
613 2384 886 2436 frontemque
907 2387 1111 2431 coruscat,

122 2448 280 2502 quippe
299 2448 417 2489 ferox
438 2448 599 2489 vitulus
619 2449 788 2502 templis
809 2454 1003 2489 maturus
1022 2453 1065 2489 et
1083 2462 1178 2490 arae

1522 299 1597 337 185

1518 627 1594 664 190

1514 953 1589 989 192]

1511 1279 1588 1317 200
