1778 2693
211 112 265 161 84
697 120 736 147 l).
772 119 897 147 IVNII
929 119 1180 148 IVVENALIS

203 219 290 272 ipse
310 219 414 259 focis
436 220 629 259 brevibus
651 219 831 271 ponebat
851 218 1084 265 holuscula,
1109 233 1213 271 quae
1234 232 1347 259 nunc

203 284 418 336 squalidus
439 284 482 323 in
506 298 655 335 magna
677 283 841 322 fastidit
863 284 1062 334 compede
1083 285 1228 332 fossor,

203 351 275 402 qui
297 350 493 388 mcminit
513 350 669 388 calidae
691 349 822 400 sapiat
845 348 946 400 quid
969 350 1093 389 vulva
1112 351 1301 401 popinae.

202 415 297 454 sicci
320 419 436 466 terga
456 415 540 454 suis
562 429 651 454 rara
672 415 903 465 pendentia
923 417 1034 454 crate

202 480 327 518 moris
347 484 436 519 erat
457 481 667 531 quondam
689 480 806 519 festis
827 493 986 519 servare
1007 479 1166 526 diebus,

201 548 244 583 et
265 545 509 584 natalicium
531 545 720 597 cognatis
741 558 893 597 ponere
914 545 1080 583 lardum

200 610 420 648 accedente
442 622 560 657 nova,
585 610 618 649 si
640 623 765 662 quam
787 610 912 649 dabat
933 609 1081 656 hostia,
1106 623 1242 650 carnee,

200 678 475 725 cognatorum
496 675 648 726 aliquis
669 675 795 714 titulo
816 677 880 714 ter
899 674 1081 713 consulis
1101 678 1228 726 atque

200 742 431 778 castrorum
453 739 638 791 imperiis
657 742 699 779 et
720 739 936 779 dictatoris
956 739 1112 778 honore

200 804 375 843 functus
394 805 446 843 ad
467 805 541 843 has
562 805 705 856 epulas
725 804 846 844 solito
867 803 1076 843 maturius
1096 804 1182 843 ibat

199 873 384 908 erectum
406 869 566 909 domito
587 870 768 909 referens
788 883 811 909 a
832 872 974 909 monte
993 869 1192 921 ligonem.

200 946 296 972 cum
319 936 546 973 tremerent
565 937 706 973 autern
728 934 878 973 Fabios
898 935 1138 986 durumque
1161 934 1364 974 Catonem

199 1001 241 1037 et
262 998 437 1038 Scauros
457 1002 498 1038 et
519 999 774 1047 Fabricium,
798 1002 1006 1051 postremo
1027 1012 1186 1038 severos

199 1064 380 1102 censoris
401 1077 534 1103 mores
553 1064 679 1103 etiam
701 1065 858 1115 collega
880 1064 1060 1111 timeret,

200 1141 322 1167 nemo
344 1129 455 1167 inter
475 1142 594 1168 curas
614 1133 655 1168 et
675 1129 780 1168 seria
799 1129 923 1168 duxit
942 1129 1178 1168 habendam

201 1193 335 1244 qualis
355 1193 398 1232 in
422 1193 586 1233 Oceano
606 1194 738 1233 fluctu
760 1194 928 1233 testudo
949 1196 1126 1241 nataret,

200 1258 359 1297 clarum
381 1258 633 1310 Troiugenis
652 1259 818 1298 factura
838 1262 880 1298 et
903 1259 1039 1298 nobile
1060 1259 1262 1307 fulcrum,

200 1323 268 1362 sed
291 1323 406 1362 nudo
426 1323 555 1363 latere
575 1326 617 1363 et
637 1324 775 1376 parvis
795 1324 911 1363 frons
932 1337 1048 1363 aerea
1068 1323 1186 1363 lectis

199 1387 279 1427 vile
300 1389 485 1427 coronati
507 1392 634 1441 caput
654 1389 898 1428 ostendebat
917 1389 1046 1436 aselli,

198 1453 250 1492 ad
273 1453 384 1504 quod
404 1453 546 1493 lascivi
567 1454 771 1493 ludebant
791 1454 901 1493 ruris
921 1454 1095 1493 alumni.

199 1518 301 1557 tales
321 1531 418 1570 ergo
439 1519 536 1566 cibi,
561 1519 695 1570 qualis
715 1519 865 1558 domus
885 1522 1009 1571 atque
1031 1520 1229 1571 supellex.

198 1585 302 1622 tunc
322 1583 439 1622 rudis
459 1586 501 1623 et
522 1583 665 1623 Graias
686 1584 828 1623 mirari
850 1584 1012 1623 nescius
1032 1587 1141 1624 artes

200 1647 374 1687 urbibus
394 1648 544 1687 eversis
564 1649 814 1700 praedarum
835 1648 878 1687 in
899 1651 1017 1700 parte
1037 1651 1201 1701 reperta

198 1725 448 1764 magnorum
469 1713 679 1752 artificum
701 1714 922 1764 frangebat
943 1714 1092 1763 pocula
1112 1714 1245 1762 miles,

198 1780 247 1816 ut
267 1777 449 1828 phaleris
467 1778 670 1828 gauderet
689 1791 786 1817 ecus
806 1778 1046 1829 caelataque
1066 1778 1189 1818 cassis

199 1842 423 1881 Romuleae
443 1842 665 1881 simulacra
684 1844 795 1881 ferae
816 1856 1100 1882 mansuescere
1122 1843 1253 1883 iussae

198 1906 362 1958 imperii
383 1907 485 1954 fato,
510 1907 697 1958 geminos
718 1907 794 1946 sub
816 1921 919 1959 rupe
940 1907 1151 1956 Quirinos,

197 1985 243 2010 ac
265 1972 422 2010 nudam
443 1972 622 2023 effigiem
644 1972 777 2024 clipeo
798 1972 1004 2011 venientis
1024 1975 1066 2012 et
1085 1973 1204 2012 hasta

197 2037 504 2088 pendentisque
526 2037 591 2076 dei
613 2037 801 2088 perituro
821 2038 1060 2076 ostenderet
1080 2037 1206 2077 hosti.

197 2101 408 2152 ponebant
430 2102 561 2152 igitur
582 2102 718 2141 Tusco
738 2102 895 2141 farrata
915 2102 1072 2141 catino:

196 2165 360 2215 argenti
383 2166 493 2215 quod
515 2169 615 2212 crat,
640 2166 735 2205 solis
756 2166 946 2217 fulgebat
966 2166 1010 2204 in
1031 2167 1167 2205 armis.

197 2229 338 2268 omnia
357 2234 474 2275 tunc,
496 2230 647 2281 quibus
668 2230 854 2269 invideas
875 2230 907 2269 si
928 2230 1132 2269 lividulus
1152 2231 1217 2271 sis.

197 2294 449 2345 templorum
473 2307 639 2345 quoque
660 2295 850 2334 maiestas
871 2295 1140 2347 praesentior,
1164 2299 1206 2335 et
1227 2310 1303 2336 vox

197 2361 318 2397 nocte
339 2359 425 2397 fere
446 2359 584 2398 media
604 2360 869 2411 mediamque
889 2360 1036 2399 audita
1056 2373 1128 2412 per
1150 2361 1295 2401 urbem

197 2423 318 2462 litore
338 2423 388 2462 ab
411 2423 563 2463 Oceani
587 2424 717 2463 Gallis
737 2423 1003 2464 venientibus
1023 2427 1064 2464 et
1085 2424 1148 2464 dis

1608 287 1659 325 80

1605 611 1656 649 85

1605 937 1656 974 90

1605 1262 1655 1300 95

1577 1570 1655 1626 100

1577 1913 1654 1952 105

1576 2236 1653 2274 110
