1778 2693
173 133 226 188 56
660 142 700 170 D.
737 141 862 170 IVNII
894 140 1148 169 IVVENALIS

169 249 210 285 et
231 257 345 284 veras
365 243 528 295 agitant
547 242 643 282 lites
664 246 828 294 raptore
849 241 1014 288 relict03

169 310 261 348 fusa
283 322 440 348 venena
461 308 597 355 silent,
623 307 756 346 malus
778 307 1050 358 ingratusque
1071 305 1261 353 maritus,

168 378 210 413 et
231 387 335 426 quae
357 374 438 412 iam
464 376 619 411 veteres
640 375 788 410 sanant
810 370 1008 410 mortaria
1028 383 1180 409 caecos.

168 452 266 489 ergo
287 439 363 477 sibi
386 438 503 476 (labit
524 437 609 489 ipse
631 437 792 483 rudem,
818 436 850 474 si
873 439 1014 475 nostra
1034 434 1262 474 movebunt

168 504 354 550 consilia,
378 511 420 542 et
443 503 549 541 vitae
571 502 782 541 diversum
806 501 883 540 iter
905 500 1183 551 ingredietur,

168 569 218 608 ad
241 582 427 620 pugnam
450 567 521 619 qui
544 567 750 606 rhetorica
769 566 986 606 descendit
1006 566 1056 604 ab
1078 565 1239 612 umbra,

169 633 380 671 summula
403 645 451 671 ne
472 635 613 683 pereat
634 644 716 682 qua
737 630 831 669 vilis
852 632 1005 669 tessera
1025 629 1141 668 venit

170 697 386 737 frumenti.
449 696 604 748 quippe
625 696 724 735 haec
745 708 901 734 merces
921 693 1166 733 lautissima.
1228 694 1401 745 tempta,

171 762 466 813 Chrysogonus
487 761 634 812 quanti
656 761 802 800 doceat
823 760 887 799 vel
910 758 1027 798 Polio
1049 758 1198 810 quanti

170 827 381 866 lautorum
402 839 570 878 pueros:
602 829 734 865 artem
756 824 920 864 scindes
941 823 1165 863 Theodori.

170 892 317 931 balnea
337 890 532 931 sescentis
552 894 594 930 et
614 890 747 942 pluris
767 889 954 942 porticus
974 889 1018 927 in
1040 901 1122 940 qua

170 960 357 1009 gestetur
378 956 574 996 dominus
595 955 789 1007 quotiens
807 954 1085 1006 pluit—anne
1105 965 1298 992 serenum

170 1025 361 1074 expectet
382 1024 633 1073 spargatque
653 1020 744 1059 luto
765 1019 954 1058 iumenta
974 1018 1130 1058 recenti
1146 1019 1164 1056 ἱ)

171 1086 240 1125 hic
260 1086 415 1138 potius,
439 1098 621 1137 namque
642 1084 711 1124 hic
732 1084 914 1123 mundae
936 1083 1046 1122 nitet
1066 1082 1226 1134 ungula
1245 1081 1403 1131 mulae3

171 1154 289 1203 parte
310 1151 391 1190 alia
409 1150 546 1201 longis
567 1149 852 1188 Numidarum
873 1149 985 1187 fulta
1005 1147 1212 1187 columnis

173 1220 316 1267 surgat
336 1218 378 1255 et
398 1215 606 1267 algentem
629 1214 765 1266 rapiat
785 1213 948 1253 cenatio
968 1213 1110 1252 solem.

174 1281 504 1332 quanticumque
525 1280 687 1326 domus,
712 1279 851 1318 veniet
872 1278 945 1329 qui
965 1277 1125 1317 fercula
1145 1277 1266 1316 docte

173 1349 398 1397 conponat,
422 1344 561 1384 veniet
583 1344 654 1395 qui
675 1343 958 1396 pulmentaria
978 1342 1136 1382 condit.

173 1411 249 1450 hos
269 1410 380 1450 inter
400 1413 593 1460 sumptus
614 1409 802 1448 sestertia
824 1408 1099 1456 Quintiliano,

173 1479 223 1514 ut
244 1475 442 1522 multum,
467 1475 550 1513 duo
571 1474 799 1522 sufficient;
831 1486 894 1512 res
914 1473 1032 1512 nulla
1053 1471 1228 1511 minoris

175 1540 384 1580 constabit
403 1539 513 1592 patri
536 1553 661 1592 quam
682 1539 807 1578 filius.
870 1539 880 1556 ‘
898 1538 1009 1577 unde
1030 1537 1162 1589 igitur
1182 1539 1245 1576 tot

176 1605 466 1654 Quintilianus
487 1604 613 1643 habet
633 1604 763 1643 saltus
777 1605 795 1642 ἱ)
811 1604 821 1621 ’
880 1603 1069 1655 exempla
1093 1614 1295 1641 novorum

175 1671 361 1710 fatorum
382 1669 534 1708 transi:
565 1669 667 1708 felix
689 1671 730 1708 et
750 1668 896 1720 pulcer
915 1671 957 1707 et
976 1680 1082 1714 acer,

175 1735 278 1775 felix
298 1739 340 1774 et
361 1734 524 1786 sapiens
544 1736 587 1772 et
608 1733 758 1772 nobilis
779 1736 820 1772 et
840 1745 1078 1784 generosus,

175 1800 409 1852 adpositam
431 1799 573 1850 nigrae
593 1798 735 1837 lunam
760 1797 945 1837 subtexit
964 1797 1122 1845 alutae3

175 1865 277 1905 felix
299 1868 437 1904 orator
458 1877 622 1915 quoque
643 1863 850 1902 maximus
870 1864 911 1901 et
932 1861 1149 1909 iaculator,

176 1935 218 1970 et
238 1930 270 1969 si
290 1929 500 1982 perfrixit,
525 1931 667 1968 cantat
687 1928 805 1967 bene.
866 1927 994 1966 distat
1013 1926 1126 1966 enim
1148 1938 1252 1977 quae

177 1995 313 2035 sidera
332 1998 373 2034 te
393 1994 606 2046 excipiant
626 1993 749 2032 modo
770 1992 927 2044 primos
947 1990 1220 2043 incipientem

177 2061 296 2100 edere
317 2059 482 2110 vagitus
502 2062 544 2098 et
563 2058 702 2098 adhuc
723 2071 746 2097 a
766 2060 898 2096 matre
920 2057 1155 2096 rubentem.

178 2125 211 2164 si
233 2125 423 2164 Fortuna
443 2124 568 2170 volet,
592 2124 665 2162 fies
685 2123 735 2162 de
756 2122 921 2161 rhetore
942 2120 1107 2168 consul3

178 2189 211 2229 si
232 2189 342 2228 volet
362 2189 462 2228 haec
482 2189 640 2235 eadem,
666 2188 737 2226 fiet
756 2188 806 2226 de
827 2186 996 2226 consule
1017 2185 1171 2225 rhetor.

178 2254 406 2293 Ventidius
427 2253 523 2304 quid
549 2253 660 2292 enirn
677 2253 695 2290 ἶ)
752 2251 854 2303 quid
877 2250 1043 2290 Tullius
1057 2251 1076 2288 ⁴?
1131 2262 1239 2288 anne
1259 2248 1374 2288 aliud
1395 2260 1519 2301 quam

179 2318 293 2358 sidus
313 2322 354 2357 et
375 2317 528 2357 occulti
549 2317 741 2356 miranda
761 2316 951 2368 potentia
970 2315 1048 2354 fati
1063 2315 1082 2353 ’ἓ

180 2383 307 2423 servis
327 2395 455 2434 regna
475 2382 650 2429 dabunt,
675 2381 852 2433 captivis
873 2381 960 2419 fata
979 2378 1259 2431 triumphum.

179 2447 284 2487 felix
302 2446 375 2486 ille
394 2456 535 2486 tamen
555 2459 678 2486 corvo
698 2458 863 2497 quoque
884 2444 1015 2485 rarior
1034 2443 1142 2484 albo.

1549 371 1625 410 170

1550 694 1625 733 175

1551 1017 1628 1057 180

1553 1341 1630 1380 185

1555 1666 1633 1705 190

1556 1991 1633 2030 195

1556 2313 1634 2352 200
