1778 2693
738 105 914 135 SATVRA
946 105 995 133 VI

126 219 214 246 non
233 205 356 246 aliter
376 219 502 258 quam
523 205 556 245 si
577 205 744 245 fecisset
764 204 872 245 Iuno
893 204 1095 244 maritum

127 270 336 311 insanum.
399 270 540 310 minus
561 283 658 322 ergo
680 283 833 310 nocens
853 269 933 310 erit
954 268 1217 322 Agrippinae

126 336 304 384 boletus,
328 335 536 388 siquidem
559 335 686 374 unius
706 335 948 388 praecordia
968 334 1119 387 pressit

126 401 198 442 ille
218 401 326 442 senis
348 400 665 452 tremulumque
687 408 814 451 eaput
835 400 1085 440 descendere
1107 399 1228 439 iussit

127 466 173 507 in
193 466 354 507 caelum
376 471 417 505 et
439 466 564 517 longa
584 465 802 504 manantia
822 465 937 504 labra
957 465 1097 504 saliva.

127 532 228 572 haec
248 530 381 584 poscit
401 531 565 570 ferrum
586 534 712 582 atque
734 530 864 582 ignes,
890 530 992 569 hacc
1012 529 1128 582 potio
1149 532 1332 582 torquet,

127 597 229 637 haec
249 597 403 636 lacerat
424 596 578 635 mixtos
599 595 791 647 equitum
815 608 912 635 cum
934 595 1138 647 sanguine
1158 598 1310 647 patres.

127 662 236 702 tanti
258 664 403 714 partus
423 674 567 714 equae,
595 660 700 700 tanti
723 673 807 700 una
828 661 1010 700 venefica
1030 664 1206 700 constat.

181 727 363 767 oderunt
383 729 504 766 natos
525 727 575 766 de
596 725 754 778 paelice
763 740 774 775 ;
805 738 930 766 nemo
950 728 1172 779 repugnet,

127 806 251 833 nemo
273 794 398 840 vetet,
423 792 506 832 iam
528 792 610 831 iam
632 791 879 844 privignum
902 791 1090 832 occidere
1112 792 1175 830 fas
1195 794 1271 831 est,

130 871 199 898 vos
218 871 309 910 ego,
334 857 502 910 pupilli,
528 870 691 905 moneo,
717 857 870 909 quibus
891 857 1069 909 amplior
1089 860 1152 896 est
1171 869 1249 904 res,

127 923 335 964 custodite
355 923 516 963 animas
536 925 578 962 et
599 922 707 962 nulli
728 922 886 962 credite
907 935 1087 970 mensae,

127 988 257 1029 livida
277 991 467 1028 materno
488 988 654 1028 fervent
674 987 845 1039 adipata
865 1001 1042 1027 veneno.

127 1054 317 1094 mordeat
337 1056 434 1093 ante
455 1053 609 1105 aliquis
631 1052 841 1105 quidquid
863 1053 1097 1105 porrexerit
1117 1053 1189 1092 illa

129 1132 234 1172 quae
253 1119 431 1172 peperit,
457 1118 633 1158 timidus
655 1120 898 1171 praegustet
918 1118 1069 1170 pocula
1090 1131 1229 1170 papas.

128 1184 329 1236 fingimus
348 1183 449 1224 haee
470 1184 605 1223 altum
626 1186 768 1223 satura
790 1186 981 1223 sumente
1003 1183 1263 1223 cothurnum

127 1249 301 1297 scilicet,
325 1252 366 1289 et
386 1249 513 1289 finem
534 1249 686 1300 egressi
707 1249 928 1300 legemque
949 1248 1139 1301 priorum

127 1315 285 1366 grande
306 1314 538 1366 Sophocleo
559 1327 726 1354 carmen
749 1313 1002 1353 bacchamur
1023 1313 1158 1361 hiatu,

129 1380 343 1420 montibus
363 1380 559 1432 ignotum
581 1379 753 1419 Rutulis
774 1379 970 1431 caeloque
992 1379 1145 1418 Latino
1159 1380 1179 1418 ⁴?

129 1456 203 1484 nos
224 1445 388 1484 utinam
410 1444 520 1484 vani.
581 1444 652 1484 sed
673 1444 827 1484 clamat
851 1444 1002 1484 Pontia
1027 1444 1036 1462 ⁶
1052 1444 1148 1492 feci,

127 1510 343 1557 confiteor,
366 1510 592 1562 puerisque
613 1509 717 1548 meis
739 1509 905 1549 aconita
925 1509 1083 1561 paravi,

129 1587 233 1626 quae
254 1574 457 1626 deprensa
477 1578 644 1627 patent3
677 1574 843 1613 facinus
864 1577 1007 1613 tamen
1028 1574 1117 1626 ipsa
1137 1573 1316 1626 peregi!

128 1643 231 1679 tune
251 1640 356 1680 duos
376 1653 475 1685 una,
500 1640 736 1680 saevissima
758 1639 914 1691 vipera,
941 1640 1075 1679 cena?

127 1707 231 1744 tune
251 1704 387 1744 duos?
411 1705 421 1722 ⁶
436 1708 610 1757 septem,
636 1705 668 1744 si
691 1710 851 1756 septem
872 1704 983 1744 forte
1003 1704 1218 1744 fuissent.‘

127 1769 346 1810 credamus
366 1770 536 1822 tragicis
557 1770 766 1822 quidquid
787 1770 839 1809 de
862 1769 1063 1809 Colchide
1084 1774 1203 1810 torva

127 1836 284 1876 dicitur
304 1839 347 1876 et
368 1836 546 1889 Progne,
571 1836 632 1875 nil
655 1840 802 1876 contra
823 1849 963 1876 conor.
1024 1839 1066 1876 et
1086 1836 1182 1876 illae

127 1901 303 1953 grandia
323 1905 512 1941 monstra
531 1901 616 1941 suis
637 1902 850 1942 audebant
871 1901 1146 1954 temporibus,
1171 1902 1241 1942 sed

127 1979 212 2006 non
233 1970 406 2019 propter
425 1980 633 2007 nummos.
698 1968 835 2007 minor
855 1967 1078 2007 admiratio
1099 1967 1275 2008 summis

127 2031 304 2072 debetur
324 2032 536 2080 monstris,
562 2033 757 2084 quotiens
777 2033 882 2072 facit
903 2033 964 2072 ira
986 2036 1183 2072 nocentes

127 2097 243 2137 hunc
263 2110 427 2145 sexum3
460 2098 572 2138 rabie
594 2098 709 2138 ieeur
729 2099 981 2139 incendente
1002 2099 1202 2138 feruntur

127 2161 375 2214 praecipites
396 2166 444 2202 ut
465 2177 561 2203 saxa
582 2163 691 2215 iugis
712 2164 905 2216 abrupta,
932 2164 1084 2215 quibus
1105 2176 1225 2204 mons

127 2226 393 2267 subtrabitur
413 2228 605 2280 clivoque
625 2229 737 2268 latus
758 2229 969 2281 pendente
991 2228 1158 2268 recedit.

127 2291 244 2331 illam
264 2305 341 2344 ego
363 2305 447 2333 non
468 2293 654 2341 tulerim,
680 2307 784 2346 qnae
806 2296 1011 2346 conputat
1031 2296 1073 2333 et
1093 2293 1226 2334 scelus
1246 2293 1396 2346 ingens

127 2369 226 2396 sana
246 2357 362 2397 facit.
425 2362 617 2410 spectant
637 2359 886 2398 subeuntem
909 2359 997 2398 fata
1018 2358 1159 2398 mariti

128 2421 350 2470 Alcestim,
373 2426 416 2463 et
436 2423 585 2464 similis
606 2424 639 2463 si
661 2423 920 2476 permutatio
941 2424 1080 2473 detur,

300 2502 321 2533 4

1538 105 1595 146 49

1517 269 1595 307 620

1521 924 1598 962 630

1522 1250 1599 1288 635

1522 1577 1598 1614 640

1520 1904 1597 1941 645

1520 2230 1597 2267 650
