1778 2693
710 130 886 159 SATVRA
918 130 967 158 IX

107 237 148 274 et
169 233 275 272 male
298 244 510 284 percussas
532 230 706 271 textoris
726 230 894 283 pectine
917 230 1026 271 Galli

105 297 350 350 accipimus,
376 298 502 336 tenue
523 298 746 348 argentum
768 309 980 348 venaeque
1000 297 1222 337 secundae.

107 365 193 404 fata
213 365 369 415 regunt
389 361 595 419 homines,
620 362 757 401 fatum
779 365 841 401 est
862 365 904 401 et
925 362 1116 414 partibus
1137 363 1221 402 illis

106 443 207 482 quas
228 429 343 469 sinus
363 427 594 467 abscondit.
659 440 755 466 nain
777 427 809 466 si
832 427 909 466 tibi
932 427 1067 467 sidera
1087 432 1262 476 cessant,

106 495 166 534 nil
187 494 314 534 faciet
333 492 449 545 longi
472 505 667 532 mensura
688 492 906 544 incognita
927 493 1059 541 nervi,

105 560 296 613 quamvis
317 562 357 599 te
378 559 542 598 nudum
565 557 780 609 spumanti
805 558 930 598 Virro
951 558 1102 599 labello

105 625 258 665 viderit
277 627 319 664 et
339 624 516 664 blandae
538 623 736 663 adsiduae
758 623 994 675 densaeque
1018 624 1192 666 tabellae

105 691 347 737 sollicitent,
370 691 478 730 αὐτὸς
499 691 569 741 γὰρ
592 688 788 737 ἐφέλκεται
808 688 918 739 ἄνδρα
940 689 1103 730 κίναιδος.

105 757 217 809 quod
239 760 379 796 tamen
402 756 579 796 ulterius
601 759 838 795 monstrum
862 770 987 808 quam
1010 757 1148 797 mollis
1169 758 1350 796 avarus?

107 825 135 843 ‘⁶
152 822 253 862 haec
273 822 419 870 tribui,
443 822 597 861 deinde
619 821 691 861 illa
712 821 824 869 dedi,
850 835 945 861 mox
968 822 1089 874 plura
1112 822 1248 861 tulisti
1264 822 1292 840 ''

104 890 324 939 computat
344 890 386 926 et
405 889 535 927 cevet.
597 890 781 938 ponatur
806 886 1006 934 calculus,
1030 887 1172 927 adsint

104 965 201 992 cum
224 952 365 992 tabula
383 951 524 1004 pueri;
556 965 732 991 numera
753 951 942 991 sestertia
964 952 1152 1004 quinque

103 1017 298 1058 omnibus
319 1017 363 1056 in
384 1017 521 1064 rebus,
546 1019 827 1056 numerentur
847 1016 1000 1056 deinde
1020 1017 1195 1057 labores,

103 1096 157 1122 an
177 1082 300 1122 facile
321 1085 363 1122 et
382 1095 565 1135 pronum
587 1084 649 1121 est
670 1095 790 1133 agere
813 1081 926 1121 intra
948 1081 1104 1122 viscera
1125 1095 1278 1134 penem

103 1147 343 1200 legitimum
363 1150 490 1199 atque
511 1146 598 1186 illic
619 1147 838 1186 hesternae
860 1160 1076 1187 occurrere
1097 1161 1223 1187 cenae
1238 1149 1256 1186 ἶ)

103 1227 245 1254 servus
265 1212 344 1253 erit
364 1213 505 1252 minus
525 1212 597 1252 ille
618 1212 744 1252 miser
765 1213 836 1264 qui
859 1212 1018 1252 foderit
1042 1226 1206 1265 agrum,

104 1291 230 1330 quam
251 1277 493 1325 dominum;
525 1277 595 1316 sed
618 1280 666 1316 tu
688 1290 785 1316 sane
807 1280 1002 1317 tenerum
1024 1280 1067 1316 et
1088 1291 1267 1330 puerum
1288 1279 1330 1317 te

103 1347 145 1384 et
165 1343 392 1396 pulchrum
412 1345 454 1382 et
475 1342 655 1394 dignum
676 1342 827 1394 cyatho
848 1343 1044 1395 caeloque
1066 1343 1255 1395 putabas.

104 1421 175 1449 vos
194 1408 345 1448 humili
369 1408 599 1455 adseculae,
624 1420 695 1447 vos
716 1407 992 1459 indulgebitis
1012 1421 1214 1460 umquam

103 1473 270 1522 cultori,
294 1473 378 1513 iam
400 1486 476 1512 nec
498 1473 643 1512 morbo
664 1472 820 1512 donare
840 1472 1008 1525 parati?

103 1552 155 1580 en
176 1538 244 1579 cui
265 1542 312 1578 tu
334 1538 511 1578 viridem
534 1537 777 1585 umbellam,
797 1537 865 1577 cui
888 1537 1033 1577 sucina
1054 1537 1198 1577 mittas

103 1604 293 1657 grandia,
316 1603 469 1643 natalis
491 1603 686 1655 quotiens
706 1603 818 1642 redit
838 1605 912 1642 aut
934 1603 1151 1643 madidum
1173 1616 1245 1643 ver

103 1669 255 1722 incipit
275 1673 318 1708 et
338 1672 468 1708 strata
488 1668 650 1721 positus
672 1668 880 1720 longaque
901 1668 1102 1708 cathedra

103 1748 278 1775 munera
298 1734 491 1774 femineis
514 1736 666 1773 tractat
686 1736 843 1773 secreta
863 1733 1067 1773 kalendis.

103 1800 185 1848 dic,
211 1813 361 1853 passer,
385 1799 453 1839 cui
475 1801 539 1838 tot
559 1798 730 1846 montis,
755 1801 819 1838 tot
839 1798 1010 1850 praedia
1032 1811 1168 1839 servas

104 1865 258 1918 Apula,
283 1867 347 1905 tot
366 1864 515 1904 milvos
535 1864 648 1903 intra
669 1866 744 1904 tua
763 1877 916 1916 pascua
937 1864 1063 1903 lassos
1077 1865 1096 1903 ⁸?

103 1933 145 1970 te
167 1930 403 1970 Trifolinus
422 1943 520 1982 ager
540 1928 736 1969 fecundis
756 1929 914 1968 vitibus
939 1929 1088 1981 implet

103 1999 428 2049 suspectumque
449 1995 598 2048 iugum
621 1994 766 2034 Cumis
788 1997 828 2034 et
851 1994 1016 2034 Gaurus
1037 1994 1230 2035 inanis—

104 2075 202 2102 nam
224 2061 316 2114 quis
337 2061 460 2114 plura
478 2060 578 2100 linit
600 2060 763 2100 victuro
784 2060 895 2099 dolia
916 2063 1055 2100 musto
1071 2061 1143 2099 52—-

105 2131 312 2180 quantum
333 2129 423 2166 erat
442 2126 635 2179 exhausti
657 2126 822 2165 lumbos
843 2125 999 2165 donare
1020 2125 1186 2165 clientis

105 2192 318 2243 iugeribus
339 2191 515 2244 paucis?
572 2191 778 2231 meliusne
798 2191 868 2230 hic
891 2190 1070 2230 rusticus
1093 2190 1235 2231 infans

105 2270 201 2297 cum
223 2259 355 2296 matre
375 2260 418 2296 et
438 2257 588 2296 casulis
608 2260 650 2296 et
671 2256 888 2296 conlusore
910 2256 1059 2295 catello

106 2322 295 2374 cymbala
315 2322 522 2375 pulsantis
541 2322 727 2374 legatum
750 2321 821 2361 fiet
841 2321 963 2360 amici
980 2322 998 2360 P

110 2387 137 2405 “
154 2387 369 2440 improbus
390 2400 432 2427 es
452 2400 549 2427 cum
570 2387 704 2439 poscis
721 2387 748 2405 ’'
772 2387 843 2426 ait.
906 2386 978 2426 sed
1000 2386 1145 2439 pensio
1166 2387 1321 2427 clamat

110 2452 138 2471 “
154 2452 326 2506 posce,’'
349 2452 418 2493 sed
440 2452 625 2507 appellat
645 2465 750 2504 puer
770 2451 921 2492 unicus
942 2454 990 2491 ut
1013 2451 1262 2505 Polyphemi

1524 235 1575 274 30

1524 563 1573 601 35

1523 891 1574 928 40

1523 1217 1573 1254 45

1522 1542 1573 1580 50

1521 1869 1571 1906 55

1519 2195 1569 2233 60
