1778 2693
753 121 928 150 SATVRA
963 122 989 149 V

141 224 294 265 luserit
314 223 481 264 Aeneas
501 236 580 263 nec
601 223 689 264 filia
710 223 876 263 dulcior
897 222 971 261 illo
991 236 1000 271 ;

142 290 383 330 iucundum
405 292 448 329 et
470 302 616 329 carum
640 289 797 328 sterilis
820 288 926 328 facit
949 301 1056 327 uxor
1077 287 1277 327 amicum.

142 356 215 395 sed
236 358 312 395 tua
334 368 449 394 1111110
472 354 636 406 Mycale
658 354 797 406 pariat
818 354 920 393 licet
942 360 983 393 et
1008 366 1160 405 pueros
1182 356 1268 391 tres

142 420 187 460 in
207 420 421 472 gremium
444 419 577 472 patris
599 419 758 458 fundat
780 419 924 465 semel,
950 418 1039 470 ipse
1061 417 1229 470 loquaci

141 485 346 537 gaudebit
368 485 484 532 nido,
509 484 687 523 viridem
711 484 887 523 thoraca
908 482 1073 522 iubebit

141 550 301 590 adferri
323 550 605 601 minimasque
627 563 757 589 nuces
779 561 998 600 assemque
1021 550 1235 600 rogatum,

141 615 195 655 ad
216 628 405 655 mensam
427 615 626 667 quotiens
647 614 859 667 parasitus
881 613 1046 653 venerit
1068 612 1225 652 infans.

194 681 352 720 vilibus
373 680 583 733 ancipites
605 680 731 732 fungi
755 682 974 732 ponentur
995 678 1157 725 amicis,

142 746 310 786 boletus
332 746 521 793 domino,
547 746 619 785 sed
642 745 788 797 quales
812 744 1018 784 Claudius
1041 743 1130 783 edit

141 815 241 852 ante
263 812 385 851 illum
407 811 565 859 uxoris,
590 814 686 863 post
708 824 836 863 quem
858 810 966 849 nihil
989 809 1173 861 amplius
1195 808 1298 848 edit.

195 877 324 916 Virro
347 877 426 916 sibi
449 880 491 916 et
513 876 689 928 reliquis
711 875 970 915 Virronibus
991 875 1065 913 illa
1086 873 1252 913 iubebit

141 955 268 994 poma
289 942 394 989 dari,
420 955 603 994 quorum
625 941 713 980 solo
735 940 920 993 pascaris
942 940 1085 987 odore,

142 1005 284 1057 qualia
304 1007 538 1057 perpetuus
562 1003 804 1043 Phaeacum
825 1006 1062 1042 autumnus
1082 1001 1281 1049 habebat,

142 1070 313 1110 credere
334 1083 442 1122 quae
463 1069 597 1122 possis
619 1069 822 1121 subrepta
844 1068 1060 1108 sororibus
1082 1067 1200 1106 Afris
1220 1081 1228 1106 ε

141 1137 190 1174 tu
212 1135 351 1174 scabie
372 1134 528 1174 frueris
550 1134 664 1181 mali,
690 1134 805 1186 quod
826 1133 871 1172 in
888 1146 1041 1185 aggere
1063 1132 1177 1172 rodit

142 1200 215 1253 qui
239 1200 402 1253 tegitur
423 1213 571 1252 parma
593 1203 635 1239 et
656 1200 777 1252 galea
799 1202 1083 1251 metuensque
1105 1197 1262 1250 flagelli

141 1265 268 1305 discit
289 1265 341 1304 ab
362 1265 531 1304 hirsuta
551 1265 740 1304 iaculum
762 1268 963 1316 torquere
985 1263 1160 1315 capella.

195 1330 379 1370 forsitan
401 1330 605 1382 inpensae
628 1329 855 1369 Virronem
878 1342 1052 1381 parcere
1075 1328 1234 1368 credas.

141 1396 222 1436 hoc
244 1396 333 1448 agit
355 1399 404 1435 ut
427 1395 570 1435 doleas
590 1409 598 1444 ;
620 1409 720 1434 nam
743 1408 852 1447 quae
875 1394 1109 1441 comoedia,
1134 1394 1292 1433 mimus

143 1461 238 1514 quis
259 1461 409 1500 melior
430 1461 627 1513 plorante
649 1461 751 1512 gula
774 1460 790 1499 Ρ
848 1473 948 1511 ergo
971 1459 1114 1499 omnia
1135 1459 1261 1506 fiunt,

142 1527 176 1566 si
197 1526 348 1574 nescis,
374 1529 423 1565 ut
443 1538 517 1578 per
537 1525 733 1565 lacrimas
755 1525 974 1564 effundere
995 1524 1125 1564 bilem

142 1592 307 1644 cogaris
329 1604 559 1643 pressoque
582 1591 655 1629 diu
680 1590 860 1630 stridere
885 1589 1047 1630 molari.

144 1660 194 1696 tu
215 1656 295 1696 tibi
317 1656 424 1695 liber
440 1655 568 1695 homo
590 1659 631 1695 et
653 1655 764 1707 regis
787 1655 967 1695 conviva
989 1654 1146 1694 videris
1164 1668 1172 1693 :

142 1725 318 1774 captum
340 1725 383 1761 te
406 1721 556 1760 nidore
579 1734 679 1760 suae
701 1724 828 1773 putat
851 1720 922 1760 ille
945 1719 1128 1767 culinae,

142 1800 220 1827 nec
242 1787 350 1826 male
372 1786 586 1826 coniectat
606 1799 616 1834 ;
639 1786 733 1838 quis
755 1786 869 1825 enim
892 1789 980 1825 tam
1001 1785 1158 1832 nudus,
1184 1788 1233 1824 ut
1254 1784 1377 1824 illum

142 1852 206 1892 bis
227 1852 352 1899 ferat,
380 1852 615 1891 Etruscum
637 1865 770 1903 puero
793 1851 826 1890 si
850 1850 1035 1903 contigit
1057 1863 1210 1890 aurum

142 1917 209 1957 vel
230 1917 368 1956 nodus
390 1920 562 1956 tantum
585 1919 627 1955 et
650 1916 821 1968 signum
845 1916 896 1955 de
918 1928 1106 1968 paupere
1127 1915 1218 1955 loro
1238 1914 1256 1954 Ρ

142 1995 236 2035 spes
257 1983 363 2022 bene
385 1981 564 2022 cenandi
588 1995 661 2021 vos
683 1981 856 2033 decipit.
923 1985 933 2001 ‘
949 1994 1044 2020 ecce
1067 1980 1186 2020 dabit
1208 1980 1291 2019 iam

142 2061 352 2088 semesum
374 2047 560 2100 leporem
584 2050 712 2100 atque
734 2047 897 2099 aliquid
920 2047 971 2086 de
993 2046 1193 2085 clunibus
1214 2045 1320 2098 apri,

142 2113 196 2152 ad
216 2126 292 2153 nos
315 2113 396 2153 iam
420 2113 563 2153 veniet
585 2113 724 2153 minor
746 2112 910 2152 altilis.’
967 2112 1068 2151 inde
1089 2114 1238 2164 parato

142 2178 392 2231 intactoque
414 2191 560 2218 omnes
582 2183 625 2218 et
647 2178 798 2218 stricto
820 2191 928 2230 pane
951 2177 1117 2217 tacetis.

142 2243 214 2283 ille
235 2243 347 2296 sapit
368 2243 440 2296 qui
464 2247 506 2283 te
529 2244 588 2284 sic
612 2244 765 2283 utitur.
831 2242 974 2282 omnia
996 2242 1108 2282 ferre

142 2308 177 2349 si
196 2312 332 2362 potes,
357 2313 399 2349 et
420 2299 559 2349 debes.
622 2309 882 2362 pulsandum
906 2309 1062 2348 vertice
1082 2321 1176 2348 raso

142 2373 363 2426 praebebis
385 2374 641 2427 quandoque
663 2378 794 2426 caput
816 2386 894 2413 nec
916 2373 1024 2412 (lura
1045 2372 1217 2412 timebis

143 2439 274 2492 flagra
293 2438 398 2492 pati,
422 2438 489 2479 his
510 2439 647 2492 epulis
668 2443 711 2479 et
732 2438 807 2478 tali
830 2438 987 2491 dignus
1008 2439 1158 2478 amico.

1555 121 1609 164 29

1529 289 1608 326 140

1530 613 1607 650 145

1529 939 1607 977 150

1529 1264 1606 1302 155

1528 1591 1605 1629 160

1528 1918 1603 1955 165

1528 2243 1606 2283 170
