1778 2693
753 119 929 149 SATVRA
962 119 1011 148 XI

147 217 332 258 officium
354 217 460 258 vatis
480 218 793 271 peragentibus.
854 219 920 259 his
941 219 1109 260 monuit
1131 233 1219 269 nos,

146 284 254 323 hanc
276 283 399 323 rebus
422 283 554 323 Latiis
575 297 720 323 curam
743 288 952 336 praestare
973 285 1131 326 solebat

144 349 286 389 fictilis
306 351 348 388 et
368 348 487 388 nullo
509 348 690 389 violatus
711 349 907 402 Iuppiter
927 364 1042 391 auro.

144 414 217 454 illa
236 414 350 455 domi
373 416 492 453 natas
514 416 741 466 nostraque
762 428 812 454 ex
833 416 978 456 arbore
999 430 1162 456 mensas

143 482 333 532 tempora
353 479 573 528 viderunt3
606 479 684 519 hoc
707 479 873 531 lignum
896 482 1032 521 stabat
1053 482 1104 521 ad
1127 495 1240 530 usus,

142 558 342 585 annosam
364 544 396 584 si
417 545 528 585 forte
552 558 704 584 nucem
727 545 933 586 deiecerat
954 560 1094 586 eurus.

141 612 185 649 at
207 623 320 650 nunc
341 610 544 650 divitibus
565 610 743 650 cenandi
766 611 885 651 nulla
905 612 1113 665 voluptas,

142 675 203 715 nil
223 675 438 724 rhombus,
464 676 524 715 nil
546 676 714 716 damma
735 677 858 729 sapit,
883 680 1031 729 putere
1053 677 1252 718 videntur

142 748 362 793 unguenta
381 744 506 794 atque
528 755 656 789 rosae,
682 742 788 782 latos
814 742 894 782 nisi
916 743 1097 782 sustinet
1117 743 1235 784 orbes

140 807 298 858 grande
318 807 421 846 ebur
441 810 483 846 et
504 820 656 859 magno
677 807 870 847 sublimis
891 808 1047 860 pardus
1068 807 1188 848 hiatu

140 871 340 912 dentibus
358 885 407 912 ex
429 872 512 912 illis
534 886 636 924 quos
658 872 795 912 mittit
816 876 937 925 porta
960 873 1114 925 Syenes

138 939 181 976 et
203 936 340 976 Mauri
362 937 514 977 celeres
533 940 575 977 et
597 937 747 977 Mauro
768 938 982 978 obscurior
1004 939 1152 987 Indus,

137 1004 180 1042 et
200 1015 305 1055 quos
324 1002 520 1055 deposuit
541 1003 756 1043 Nabataeo
776 1003 900 1043 belua
921 1004 1031 1043 saltu

138 1067 220 1107 iam
242 1068 394 1108 nimios
414 1068 626 1121 capitique
648 1081 808 1120 graves.
867 1069 968 1108 hinc
990 1069 1126 1121 surgit
1147 1070 1295 1118 orexis,

136 1133 237 1173 hinc
257 1133 470 1174 stomacho
492 1133 618 1183 vires;
650 1147 749 1174 nam
770 1148 843 1187 pes
862 1138 1087 1187 argenteus
1109 1135 1205 1183 illis,

135 1199 289 1239 anulus
310 1199 353 1238 in
375 1199 509 1251 digito
530 1200 643 1251 quod
665 1200 838 1240 ferreus.
900 1214 999 1252 ergo
1020 1201 1248 1252 superbum

135 1264 353 1304 convivam
374 1278 511 1312 caveo,
536 1264 609 1316 qui
631 1278 697 1305 me
719 1265 796 1305 sibi
819 1268 1036 1318 comparat
1056 1269 1098 1305 et
1118 1279 1182 1306 res

134 1329 312 1382 despicit
331 1329 514 1382 exiguas.
577 1331 679 1370 adeo
700 1330 819 1370 nulla
840 1331 965 1370 uncia
985 1331 1104 1371 nobis

132 1398 195 1435 est
210 1395 358 1443 eboris,
383 1409 458 1435 nec
480 1395 665 1435 tessellae
689 1408 765 1435 nec
786 1395 974 1435 calculus
995 1409 1044 1435 ex
1065 1396 1144 1435 hac

133 1461 321 1509 materia,
346 1461 450 1513 quin
474 1461 561 1513 ipsa
583 1461 806 1500 manubria
825 1461 1097 1501 cultellorum

130 1539 256 1566 ossea.
317 1540 402 1566 non
424 1529 565 1566 tamen
587 1526 654 1565 his
675 1526 762 1565 ulla
783 1540 987 1578 umquam
1009 1527 1180 1567 obsonia
1200 1528 1312 1568 fiunt

129 1591 349 1632 rancidula
369 1594 444 1631 aut
465 1592 558 1631 ideo
578 1591 696 1644 peior
716 1591 874 1644 gallina
896 1594 1075 1631 secatur.

129 1658 198 1697 sed
221 1671 299 1698 nec
319 1660 504 1698 structor
524 1657 604 1697 erit
625 1657 693 1697 cui
715 1658 861 1697 cedere
881 1658 1030 1697 debeat
1050 1658 1187 1698 omnis

128 1723 317 1775 pergula,
342 1722 577 1775 discipulus
598 1722 806 1775 Trypheri
829 1723 1026 1771 doctoris,
1051 1726 1156 1776 aput
1177 1737 1302 1776 quem

128 1788 293 1828 sumine
314 1802 412 1828 cum
434 1801 588 1845 magno
610 1788 730 1841 lepus
750 1791 877 1840 atque
898 1802 999 1841 aper
1019 1791 1062 1828 et
1083 1802 1294 1841 pygargus

127 1856 169 1894 et
190 1853 408 1906 Scythicae
430 1854 620 1893 volucres
639 1856 682 1893 et
702 1854 1057 1906 phoenicopterus
1077 1854 1228 1906 ingens

126 1922 169 1959 et
190 1919 395 1959 Gaetulus
416 1932 516 1971 oryx
537 1919 679 1959 hebeti
701 1919 937 1959 lautissima
956 1919 1069 1959 ferro

126 1985 318 2024 caeditur
338 1987 380 2024 et
402 1987 490 2024 tota
511 1987 632 2025 sonat
653 1985 792 2024 ulmea
813 1998 916 2024 cena
937 1984 1116 2024 Subura..

127 2063 203 2090 nec
224 2050 412 2089 frustum
434 2063 605 2102 capreae
625 2050 858 2089 subducere
879 2063 955 2089 nec
976 2050 1087 2089 latus
1110 2050 1238 2090 Afrae

128 2115 246 2155 novit
266 2115 352 2155 avis
375 2118 529 2162 noster,
556 2115 797 2154 tirunculus
817 2129 864 2154 ac
886 2115 1004 2154 rudis
1024 2115 1139 2155 omni

128 2183 315 2232 tempore
336 2183 378 2220 et
398 2180 573 2232 exiguae
595 2180 723 2219 furtis
745 2180 921 2219 inbutus
941 2180 1103 2220 ofellae.

126 2245 309 2298 plebeios
330 2245 477 2286 calices
497 2248 540 2285 ct
561 2246 705 2298 paucis
725 2246 884 2285 assibus
905 2249 1068 2297 emptos

127 2310 314 2363 porriget
335 2310 523 2350 incultus
544 2324 648 2363 puer
668 2314 794 2363 atque
815 2325 838 2350 a
858 2311 1015 2362 ¹frigore
1036 2314 1171 2351 tutus.

127 2389 213 2416 non
235 2376 377 2428 Phryx
398 2379 473 2416 aut
494 2377 661 2429 Lycius,
686 2390 769 2416 non
792 2390 815 2416 a
836 2389 1044 2428 mangone
1066 2377 1226 2429 petitus

127 2441 350 2495 quisquam
371 2441 465 2490 erit,
489 2444 532 2482 et
551 2455 724 2494 magno:
756 2455 854 2482 cum
875 2455 1030 2494 posces,
1055 2455 1177 2494 posce
1198 2443 1362 2484 Latine.

1540 290 1616 328 115

1536 617 1611 655 120

1532 944 1606 981 125

1529 1271 1603 1308 130

1524 1924 1598 1961 140

1523 2251 1595 2287 145
