1778 2693
748 106 926 137 SATVRA
956 108 974 137 Ι

133 209 286 250 doctus
307 211 349 249 et
370 209 423 248 ad
445 208 621 249 calicem
642 208 840 260 vigilanti
862 212 1041 251 stertere
1063 226 1165 254 naso
1185 213 1204 254 ?

133 287 231 314 cum
252 273 316 313 fas
338 286 424 313 esse
446 276 572 326 putet
594 286 740 312 euram
763 287 931 326 sperare
954 276 1143 318 cohortis

133 338 205 391 qui
228 339 338 378 bona
359 337 536 378 donavit
557 338 832 391 praesepibus
854 343 896 379 et
918 345 1034 381 caret
1055 343 1171 382 omni

132 403 342 443 maiorum
364 417 508 451 censu,
534 404 637 443 dum
658 405 852 456 pervolat
873 419 949 445 axe
971 407 1104 447 citato

133 469 389 509 Flaminiam
411 482 517 522 puer
538 469 814 508 Automedon
835 470 852 509 Ρ
907 484 1005 511 nam
1027 473 1117 512 lora
1138 473 1313 513 tenebat

132 534 235 587 ipse,
259 534 501 574 lacernatae
523 547 621 574 eum
644 548 685 574 se
708 534 888 575 iactaret
909 537 1082 577 amicae.

132 613 275 639 nonne
295 600 401 639 libet
423 600 563 640 medio
585 613 701 639 ceras
722 600 885 652 inplere
907 614 1082 654 capaces

133 665 370 718 quadrivio,
397 678 495 705 cum
517 665 600 704 iam
622 668 742 705 sexta
763 666 928 706 cervice
949 667 1116 708 feratur

131 730 233 770 hinc
254 733 384 782 atque
406 730 505 770 inde
526 734 678 782 patens
699 744 746 770 ac
769 731 886 771 nuda
906 745 1041 784 paene
1063 734 1267 774 cathedra

132 798 175 835 et
195 796 384 835 multum
406 796 594 835 referens
616 795 667 834 de
691 795 939 836 Maecenate
961 798 1116 850 supino

132 860 325 913 signator
345 860 457 908 falsi,
481 860 553 913 qui
576 873 618 900 se
639 860 809 900 lautum
831 864 961 914 atque
983 862 1156 902 beatum

133 925 298 978 exiguis
319 926 478 965 tabulis
500 928 542 964 et
563 938 731 977 gemma
752 926 905 965 fecerit
926 927 1012 966 uda
1031 928 1049 967 Ρ

133 990 322 1031 occurrit
342 993 538 1030 matrona
558 994 725 1042 potens,
750 1004 858 1043 quae
879 992 1007 1032 molle
1031 993 1237 1034 Calenum

132 1058 383 1108 porrectura
403 1055 494 1095 viro
515 1055 666 1095 miscet
687 1055 860 1095 sitiente
882 1057 1078 1097 rubetam

132 1120 411 1173 instituitque
432 1121 559 1160 rudes
581 1120 730 1160 melior
753 1120 943 1161 Lucusta
963 1123 1227 1175 propinquas

132 1199 208 1239 per
228 1186 388 1225 famam
410 1190 452 1226 et
473 1185 683 1238 populum
704 1186 849 1238 nigros
871 1187 1020 1227 efferre
1042 1188 1231 1229 maritos.

133 1251 242 1291 aude
264 1251 427 1303 aliquid
448 1250 646 1290 brevibus
669 1250 819 1302 Gyaris
841 1254 884 1290 et
905 1265 1073 1292 carcere
1095 1253 1292 1305 dignum,

133 1316 167 1356 si
189 1316 251 1356 vis
272 1329 359 1355 esse
381 1315 555 1368 aliquid.
616 1315 807 1368 probitas
827 1316 1030 1356 laudatur
1051 1320 1093 1357 et
1115 1318 1241 1371 alget.

134 1381 385 1421 criminibus
408 1380 565 1420 debent
587 1380 734 1420 hortos
754 1381 969 1432 praetoria
990 1395 1156 1423 mensas

133 1448 362 1499 argentum
383 1448 506 1485 vetus
527 1448 570 1484 et
591 1448 779 1484 stantem
800 1449 921 1485 extra
942 1447 1097 1499 pocula
1118 1461 1309 1501 caprum.

134 1525 260 1564 quem
281 1511 448 1564 patitur
469 1510 654 1550 dormire
675 1523 810 1550 nurus
831 1515 1058 1564 corruptor
1079 1526 1243 1561 avarae,

134 1590 261 1630 quem
283 1589 460 1629 sponsae
481 1579 629 1628 turpes
651 1578 693 1615 et
714 1579 1010 1628 praetextatus
1031 1578 1202 1618 adulter
1221 1579 1239 1619 ?

134 1642 168 1682 si
189 1645 345 1681 natura
366 1643 510 1693 negat,
534 1641 641 1680 facit
662 1640 906 1694 indignatio
928 1655 1098 1682 versum

135 1707 491 1760 qualemcumque
512 1708 669 1758 potest,
695 1707 841 1758 quales
863 1720 940 1759 ego
963 1708 1028 1747 vel
1053 1708 1299 1750 Cluvienus.

189 1786 238 1812 ex
261 1785 344 1825 quo
367 1771 603 1811 Deucalion
625 1771 782 1811 nimbis
803 1773 1058 1813 tollentibus
1080 1787 1238 1826 aequor

134 1837 306 1890 navigio
328 1840 519 1877 montem
541 1836 733 1876 ascendit
755 1840 975 1890 sortesque
996 1839 1194 1891 poposcit

135 1902 430 1956 paulatimque
451 1902 600 1941 anima‘
614 1901 842 1942 caluerunt
864 1903 1009 1942 mollia
1031 1917 1130 1943 saxa

135 1970 179 2007 et
200 1967 387 2007 maribus
407 1967 545 2006 nudas
567 1967 756 2006 ostendit
778 1967 942 2020 Pyrrha
962 1969 1141 2020 puellas,

136 2032 348 2085 quidquid
369 2036 504 2085 agunt
525 2031 734 2080 homines,
759 2036 908 2072 votum
931 2033 1059 2073 timor
1081 2034 1142 2073 ira
1163 2034 1361 2087 voluptas

135 2097 294 2150 gaudia
314 2097 545 2144 discursus,
570 2097 705 2136 nostri
727 2097 898 2149 farrago
919 2098 1053 2137 libelli
1076 2102 1152 2138 est.

136 2165 180 2202 et
201 2162 372 2215 quando
394 2162 562 2202 uberior
583 2162 787 2202 vitiorum
809 2162 932 2214 copia
954 2163 971 2202 Ρ
1028 2164 1199 2216 quando

137 2227 271 2267 maior
292 2226 496 2267 avaritiae
517 2227 661 2279 patuit
683 2227 802 2266 sinus
822 2227 839 2266 Ρ
896 2227 986 2267 alea
1009 2229 1180 2281 quando

137 2291 214 2331 hos
234 2291 398 2331 animos
417 2292 435 2331 Ρ
491 2305 629 2344 neque
651 2292 764 2331 enim
785 2292 938 2332 loculis
959 2293 1268 2334 comitantibus
1289 2294 1378 2334 itur

138 2355 192 2396 ad
213 2369 357 2396 casum
378 2357 564 2405 tabulae,
588 2357 728 2410 posita
749 2357 823 2397 sed
843 2357 1011 2397 luditur
1032 2372 1141 2399 arca.

139 2421 300 2474 proelia
319 2425 482 2474 quanta
502 2421 590 2463 illic
612 2422 906 2476 dispensatore
928 2422 1092 2464 videbis

1548 411 1600 448 60

1548 736 1599 773 65

1551 1060 1600 1100 70

1551 1385 1601 1425 75

1550 1711 1602 1750 80

1551 2037 1601 2075 85

1552 2360 1603 2398 90
