1778 2693
89 119 138 159 16
575 131 613 159 D.
651 131 776 159 IVNII
808 130 1061 159 IVVENALIS

82 245 145 271 res
166 232 349 281 angusta
366 229 495 278 domi,
521 230 593 270 sed
616 231 771 270 Romae
794 229 940 269 durior
962 229 1046 270 illis

80 300 258 335 conatus
279 309 286 333 :
318 307 472 346 magno
495 294 729 346 hospitium
752 294 1004 341 miserabile,
1029 307 1184 347 magno

80 373 297 400 servorum
319 366 501 406 ventres,
526 365 567 397 et
589 358 704 410 frugi
728 358 880 397 cenula
901 372 1067 410 magno.

81 425 283 465 fictilibus
306 436 456 463 cenare
480 423 628 475 pudet,
654 423 768 475 quod
792 427 916 475 turpe
939 424 1113 476 negabis

80 490 312 530 translatus
334 488 475 528 subito
497 488 550 527 ad
573 488 733 527 Marsos
755 501 1029 541 mensamque
1052 488 1262 529 Sabellam

81 558 394 606 contentusque
419 553 505 592 illic
530 553 696 592 Veneto
720 553 912 605 duroque
934 554 1115 594 cucullo.

79 633 175 672 pars
197 631 350 676 magna
371 617 522 657 Italiae
545 620 622 666 est,
644 617 677 657 si
699 631 847 656 verum
869 618 1153 666 admittimus,
1176 619 1221 658 in
1242 631 1326 672 qua

80 698 203 724 nemo
226 688 369 735 togam
391 682 522 722 sumit
544 682 624 721 nisi
648 685 856 722 mortuus.
919 683 1010 735 ipsa
1031 683 1199 723 dierum

80 751 288 788 festorum
309 747 487 787 herboso
510 747 666 786 colitur
687 747 720 786 si
740 748 910 799 quando
934 747 1102 787 theatro

80 814 275 853 maiestas
297 812 556 864 tandemque
578 811 690 851 redit
711 812 764 851 ad
785 812 955 864 pulpita
976 816 1129 852 notum

80 879 294 925 exodium,
319 890 417 917 cum
438 889 641 929 personae
662 877 863 929 pallentis
879 877 1047 916 hiatum

80 945 123 983 in
145 942 306 995 gremio
327 941 475 981 matris
497 941 702 980 formidat
724 941 911 981 rusticus
932 942 1089 990 infans,

80 1008 274 1060 aequales
296 1006 469 1045 habitus
491 1005 578 1045 illic
596 1005 838 1058 similesque
860 1006 1023 1046 videbis

81 1072 342 1112 orchestram
363 1074 405 1109 et
426 1070 649 1122 populum,
675 1070 777 1109 clari
799 1071 991 1110 velamen
1012 1071 1186 1112 honoris

80 1136 299 1177 sufficiunt
320 1135 491 1174 tunicae
513 1135 689 1174 summis
710 1135 918 1175 aedilibus
939 1136 1068 1178 albae.

79 1202 148 1241 hic
171 1201 284 1240 ultra
305 1200 412 1239 vires
434 1199 606 1239 habitus
627 1200 757 1247 nitor,
782 1199 852 1239 hic
874 1200 1036 1252 aliquid
1057 1201 1154 1253 plus

80 1280 207 1319 quam
229 1265 330 1305 satis
351 1268 413 1304 est
435 1265 653 1304 interdum
674 1264 812 1304 aliena
832 1265 1016 1304 sumitur
1037 1279 1143 1305 arca.

79 1343 304 1371 commune
326 1330 370 1369 id
390 1329 544 1368 vitium
566 1332 643 1377 est,
667 1329 737 1369 hic
759 1329 941 1369 vivimus
963 1330 1187 1370 ambitiosa

78 1398 331 1448 paupertate
353 1407 510 1434 omnes.
573 1394 677 1446 quid
698 1397 740 1433 te
761 1408 902 1434 moror
920 1394 938 1434 Ρ
967 1395 1108 1434 omnia
1129 1395 1287 1436 Romae

79 1474 178 1500 cum
198 1459 348 1512 pretio.
411 1459 514 1511 quid
536 1459 623 1506 das,
648 1461 697 1498 ut
721 1458 896 1498 Cossum
918 1459 1148 1511 aliquando
1170 1460 1328 1500 salutes
1346 1459 1365 1501 Ρ

79 1527 128 1564 ut
148 1527 190 1564 te
211 1523 409 1576 respiciat
431 1523 573 1562 clauso
594 1523 778 1563 Veiento
797 1518 951 1563 labello
974 1523 991 1563 Ρ

77 1589 149 1629 ille
170 1589 295 1628 metit
316 1588 501 1634 barbam,
525 1588 686 1628 crinem
707 1588 776 1628 hic
799 1588 976 1641 deponit
996 1589 1126 1629 amati
1143 1603 1154 1639 ;

77 1655 203 1706 plena
224 1654 374 1693 domus
395 1653 491 1692 libis
513 1653 732 1693 venalibus
751 1667 759 1692 :
790 1653 933 1706 accipe
955 1657 998 1694 et
1018 1654 1135 1695 istud

77 1720 339 1758 fermentum
361 1718 438 1757 tibi
460 1717 580 1757 habe.
641 1721 855 1769 praestare
875 1718 1040 1758 tributa
1060 1718 1237 1759 clientes

78 1783 270 1836 cogimur
291 1786 332 1822 et
354 1782 481 1821 cultis
504 1795 658 1834 augere
680 1782 848 1834 peculia
869 1782 1012 1822 servis.

131 1848 225 1900 quis
246 1847 371 1886 timet
392 1849 467 1886 aut
489 1846 638 1886 timuit
658 1846 801 1898 gelida
822 1847 1050 1886 Praeneste
1071 1847 1242 1888 ruinam

77 1918 152 1952 aut
173 1912 322 1964 positis
343 1924 563 1951 nemorosa
585 1902 698 1950 inte?
718 1911 819 1963 iuga
842 1911 1043 1952 Volsiniis
1063 1914 1139 1951 aut

78 1976 341 2029 simplicibus
363 1976 507 2015 Gabiis
529 1983 603 2015 aut
625 1976 749 2028 proni
773 1976 944 2016 Tiburis
965 1989 1059 2016 arce
1080 1976 1098 2016 Ρ

78 2055 153 2081 nos
175 2042 323 2081 urbem
344 2041 523 2080 colimus
544 2041 666 2080 tenui
687 2040 865 2080 tibicine
886 2041 1044 2080 fultam

78 2118 231 2158 magna
251 2110 370 2157 parte
392 2105 457 2144 sui
476 2120 486 2155 3
516 2119 615 2144 nam
637 2105 695 2145 sic
715 2105 959 2145 labentibus
981 2106 1121 2146 obstat

78 2170 242 2217 vilicus,
268 2175 309 2209 et
332 2170 486 2209 veteris
507 2170 637 2210 rimae
659 2183 758 2209 cum
778 2170 888 2209 texit
909 2170 1091 2218 hiatum,

77 2248 246 2275 securos
266 2234 480 2286 pendente
502 2234 621 2274 iubet
642 2233 826 2274 dormire
847 2235 983 2274 ruina.

80 2299 308 2339 vivendum
330 2302 393 2338 est
414 2299 501 2338 illic
522 2299 595 2338 ubi
616 2299 735 2338 nulla
754 2299 968 2347 incendia,
991 2299 1100 2338 nulli

77 2366 202 2404 nocte
223 2366 375 2403 metus.
437 2363 521 2402 iam
541 2363 678 2415 poscit
700 2377 867 2416 aquam,
892 2363 976 2403 iam
996 2363 1150 2402 frivola
1170 2363 1376 2404 transfert

77 2428 309 2480 Vcalegon,
333 2427 527 2468 tabulata
547 2428 625 2468 tibi
648 2428 731 2468 iam
752 2428 881 2468 tertia
900 2428 1072 2468 fumant
1090 2441 1100 2468 ι

1462 231 1539 271 165

1462 555 1540 596 170

1462 879 1538 918 175

1459 1202 1538 1242 180

1461 1526 1536 1565 185

1461 1850 1537 1888 190

1459 2172 1534 2210 195
