<?xml version="1.0" encoding="UTF-8"?>
<!DOCTYPE html PUBLIC "-//W3C//DTD XHTML 1.0 Transitional//EN"
    "http://www.w3.org/TR/xhtml1/DTD/xhtml1-transitional.dtd">
<html xmlns="http://www.w3.org/1999/xhtml" xml:lang="en" lang="en">
 <head>
  <title>
</title>
<meta http-equiv="Content-Type" content="text/html;charset=utf-8" />
  <meta name='ocr-system' content='tesseract 3.04.00' />
  <meta name='ocr-capabilities' content='ocr_page ocr_carea ocr_par ocr_line ocrx_word'/>
</head>
<body>
  <div class='ocr_page' id='page_1' title='image "./saturarumlibriv00juveuoft_0150.png"; bbox 0 0 1778 2693; ppageno 0'>
   <div class='ocr_carea' id='block_1_1' title="bbox 177 136 1150 177">
    <p class='ocr_par' dir='ltr' id='par_1_1' title="bbox 177 136 1150 177">
     <span class='ocr_line' id='line_1_1' title="bbox 177 136 1150 177; baseline -0.008 0"><span class='ocrx_word' id='word_1_1' title='bbox 177 136 231 177; x_wconf 86' lang='lat'>68</span> <span class='ocrx_word' id='word_1_2' title='bbox 666 144 705 171; x_wconf 91' lang='lat' dir='ltr'>D.</span> <span class='ocrx_word' id='word_1_3' title='bbox 741 142 867 171; x_wconf 79' lang='lat' dir='ltr'>1vN11</span> <span class='ocrx_word' id='word_1_4' title='bbox 898 141 1150 171; x_wconf 73' lang='lat' dir='ltr'>[VVENALIS</span> 
     </span>
    </p>
   </div>
   <div class='ocr_carea' id='block_1_2' title="bbox 177 242 1440 1979">
    <p class='ocr_par' dir='ltr' id='par_1_2' title="bbox 178 242 1121 297">
     <span class='ocr_line' id='line_1_2' title="bbox 178 242 1121 297; baseline -0.004 -12"><span class='ocrx_word' id='word_1_5' title='bbox 178 246 262 285; x_wconf 86' lang='lat' dir='ltr'>lata</span> <span class='ocrx_word' id='word_1_6' title='bbox 281 245 387 285; x_wconf 81' lang='lat' dir='ltr'>acies</span> <span class='ocrx_word' id='word_1_7' title='bbox 407 258 479 297; x_wconf 88' lang='lat' dir='ltr'>per</span> <span class='ocrx_word' id='word_1_8' title='bbox 501 258 625 296; x_wconf 84' lang='lat' dir='ltr'>quam</span> <span class='ocrx_word' id='word_1_9' title='bbox 648 243 790 283; x_wconf 87' lang='lat' dir='ltr'>sollers</span> <span class='ocrx_word' id='word_1_10' title='bbox 810 242 939 282; x_wconf 77' lang='lat' dir='ltr'>evasit</span> <span class='ocrx_word' id='word_1_11' title='bbox 959 242 1121 291; x_wconf 78' lang='lat' dir='ltr'>Vlixes3</span> 
     </span>
    </p>

    <p class='ocr_par' dir='ltr' id='par_1_3' title="bbox 177 306 1380 750">
     <span class='ocr_line' id='line_1_3' title="bbox 177 306 1347 358; baseline -0.002 -9"><span class='ocrx_word' id='word_1_12' title='bbox 177 310 281 349; x_wconf 84' lang='lat' dir='ltr'>alter</span> <span class='ocrx_word' id='word_1_13' title='bbox 301 309 503 349; x_wconf 86' lang='lat' dir='ltr'>emendus</span> <span class='ocrx_word' id='word_1_14' title='bbox 523 309 615 356; x_wconf 81' lang='lat' dir='ltr'>erit,</span> <span class='ocrx_word' id='word_1_15' title='bbox 641 320 821 358; x_wconf 85' lang='lat' dir='ltr'>namque</span> <span class='ocrx_word' id='word_1_16' title='bbox 840 306 909 346; x_wconf 89' lang='lat' dir='ltr'>hic</span> <span class='ocrx_word' id='word_1_17' title='bbox 931 320 1014 346; x_wconf 84' lang='lat' dir='ltr'>nou</span> <span class='ocrx_word' id='word_1_18' title='bbox 1035 306 1202 354; x_wconf 87' lang='lat' dir='ltr'>sufficit,</span> <span class='ocrx_word' id='word_1_19' title='bbox 1226 307 1347 347; x_wconf 88' lang='lat' dir='ltr'>ambo</span> 
     </span>
     <span class='ocr_line' id='line_1_4' title="bbox 178 371 1380 427; baseline -0.002 -13"><span class='ocrx_word' id='word_1_20' title='bbox 178 375 388 427; x_wconf 82' lang='lat' dir='ltr'>pascendi.</span> <span class='ocrx_word' id='word_1_21' title='bbox 449 374 549 425; x_wconf 84' lang='lat' dir='ltr'>quid</span> <span class='ocrx_word' id='word_1_22' title='bbox 571 387 690 424; x_wconf 82' lang='lat' dir='ltr'>agam</span> <span class='ocrx_word' id='word_1_23' title='bbox 712 373 859 411; x_wconf 83' lang='lat' dir='ltr'>bruma</span> <span class='ocrx_word' id='word_1_24' title='bbox 881 371 1098 424; x_wconf 80' lang='lat' dir='ltr'>spirante?</span> <span class='ocrx_word' id='word_1_25' title='bbox 1155 372 1270 424; x_wconf 88' lang='lat' dir='ltr'>quid,</span> <span class='ocrx_word' id='word_1_26' title='bbox 1295 385 1380 419; x_wconf 91' lang='lat' dir='ltr'>oro,</span> 
     </span>
     <span class='ocr_line' id='line_1_5' title="bbox 179 436 1332 492; baseline -0.003 -14"><span class='ocrx_word' id='word_1_27' title='bbox 179 440 280 492; x_wconf 89' lang='lat' dir='ltr'>quid</span> <span class='ocrx_word' id='word_1_28' title='bbox 302 440 436 478; x_wconf 82' lang='lat' dir='ltr'>dicam</span> <span class='ocrx_word' id='word_1_29' title='bbox 459 438 639 490; x_wconf 80' lang='lat' dir='ltr'>scapulis</span> <span class='ocrx_word' id='word_1_30' title='bbox 659 450 882 490; x_wconf 84' lang='lat' dir='ltr'>puerorum</span> <span class='ocrx_word' id='word_1_31' title='bbox 907 437 1102 488; x_wconf 84' lang='lat' dir='ltr'>aquilone</span> <span class='ocrx_word' id='word_1_32' title='bbox 1122 436 1332 476; x_wconf 81' lang='lat' dir='ltr'>decembri</span> 
     </span>
     <span class='ocr_line' id='line_1_6' title="bbox 178 500 1338 556; baseline -0.003 -12"><span class='ocrx_word' id='word_1_33' title='bbox 178 509 220 545; x_wconf 81' lang='lat' dir='ltr'>et</span> <span class='ocrx_word' id='word_1_34' title='bbox 241 505 417 556; x_wconf 70' lang='lat' dir='ltr'>podibus</span> <span class='ocrx_word' id='word_1_35' title='bbox 432 505 450 542; x_wconf 77' lang='lat'><strong>?</strong></span> <span class='ocrx_word' id='word_1_36' title='bbox 509 504 535 520; x_wconf 71' lang='lat'>‘⁶&#39;</span> <span class='ocrx_word' id='word_1_37' title='bbox 552 504 700 542; x_wconf 84' lang='lat' dir='ltr'>durate</span> <span class='ocrx_word' id='word_1_38' title='bbox 721 506 845 554; x_wconf 78' lang='lat' dir='ltr'>atquc</span> <span class='ocrx_word' id='word_1_39' title='bbox 866 504 1082 553; x_wconf 83' lang='lat' dir='ltr'>expectate</span> <span class='ocrx_word' id='word_1_40' title='bbox 1103 501 1262 541; x_wconf 82' lang='lat' dir='ltr'>cicadas</span> <span class='ocrx_word' id='word_1_41' title='bbox 1276 502 1295 540; x_wconf 84' lang='lat'>‘?</span> <span class='ocrx_word' id='word_1_42' title='bbox 1309 500 1338 519; x_wconf 85' lang='lat'>&#39;&#39;</span> 
     </span>
     <span class='ocr_line' id='line_1_7' title="bbox 180 567 1253 618; baseline -0.004 -9"><span class='ocrx_word' id='word_1_43' title='bbox 180 583 324 609; x_wconf 79' lang='lat' dir='ltr'>verum</span> <span class='ocrx_word' id='word_1_44' title='bbox 347 572 393 607; x_wconf 90' lang='lat' dir='ltr'>ut</span> <span class='ocrx_word' id='word_1_45' title='bbox 414 568 661 614; x_wconf 78' lang='lat' dir='ltr'>dissimules,</span> <span class='ocrx_word' id='word_1_46' title='bbox 686 570 735 606; x_wconf 87' lang='lat' dir='ltr'>ut</span> <span class='ocrx_word' id='word_1_47' title='bbox 755 567 898 605; x_wconf 85' lang='lat' dir='ltr'>mittas</span> <span class='ocrx_word' id='word_1_48' title='bbox 920 570 1068 613; x_wconf 86' lang='lat' dir='ltr'>cetera,</span> <span class='ocrx_word' id='word_1_49' title='bbox 1094 575 1253 618; x_wconf 86' lang='lat' dir='ltr'>quanto</span> 
     </span>
     <span class='ocr_line' id='line_1_8' title="bbox 182 631 1143 686; baseline -0.004 -12"><span class='ocrx_word' id='word_1_50' title='bbox 182 635 340 674; x_wconf 82' lang='lat' dir='ltr'>metiris</span> <span class='ocrx_word' id='word_1_51' title='bbox 360 634 508 686; x_wconf 86' lang='lat' dir='ltr'>pretio,</span> <span class='ocrx_word' id='word_1_52' title='bbox 534 633 640 684; x_wconf 87' lang='lat' dir='ltr'>quod</span> <span class='ocrx_word' id='word_1_53' title='bbox 664 632 708 670; x_wconf 89' lang='lat' dir='ltr'>ni</span> <span class='ocrx_word' id='word_1_54' title='bbox 731 632 806 671; x_wconf 87' lang='lat' dir='ltr'>tibi</span> <span class='ocrx_word' id='word_1_55' title='bbox 827 631 994 670; x_wconf 88' lang='lat' dir='ltr'>deditus</span> <span class='ocrx_word' id='word_1_56' title='bbox 1015 645 1143 670; x_wconf 90' lang='lat' dir='ltr'>essem</span> 
     </span>
     <span class='ocr_line' id='line_1_9' title="bbox 181 696 1204 750; baseline -0.005 -11"><span class='ocrx_word' id='word_1_57' title='bbox 181 701 440 750; x_wconf 84' lang='lat' dir='ltr'>devotusque</span> <span class='ocrx_word' id='word_1_58' title='bbox 462 698 603 744; x_wconf 72' lang='lat' dir='ltr'>cliens,</span> <span class='ocrx_word' id='word_1_59' title='bbox 629 709 733 736; x_wconf 85' lang='lat' dir='ltr'>uxor</span> <span class='ocrx_word' id='word_1_60' title='bbox 754 700 827 735; x_wconf 86' lang='lat' dir='ltr'>tua</span> <span class='ocrx_word' id='word_1_61' title='bbox 847 696 964 747; x_wconf 84' lang='lat' dir='ltr'>virgo</span> <span class='ocrx_word' id='word_1_62' title='bbox 984 697 1204 735; x_wconf 83' lang='lat' dir='ltr'>maneret?</span> 
     </span>
    </p>

    <p class='ocr_par' dir='ltr' id='par_1_4' title="bbox 182 760 1295 815">
     <span class='ocr_line' id='line_1_10' title="bbox 182 760 1295 815; baseline -0.004 -11"><span class='ocrx_word' id='word_1_63' title='bbox 182 765 259 804; x_wconf 89' lang='lat' dir='ltr'>scis</span> <span class='ocrx_word' id='word_1_64' title='bbox 279 770 388 803; x_wconf 85' lang='lat' dir='ltr'>certe</span> <span class='ocrx_word' id='word_1_65' title='bbox 410 763 560 815; x_wconf 85' lang='lat' dir='ltr'>quibus</span> <span class='ocrx_word' id='word_1_66' title='bbox 581 763 659 801; x_wconf 82' lang='lat' dir='ltr'>ista</span> <span class='ocrx_word' id='word_1_67' title='bbox 680 761 826 807; x_wconf 84' lang='lat' dir='ltr'>modis,</span> <span class='ocrx_word' id='word_1_68' title='bbox 852 774 977 812; x_wconf 79' lang='lat' dir='ltr'>quam</span> <span class='ocrx_word' id='word_1_69' title='bbox 999 774 1117 813; x_wconf 82' lang='lat' dir='ltr'>saepe</span> <span class='ocrx_word' id='word_1_70' title='bbox 1138 760 1295 812; x_wconf 82' lang='lat' dir='ltr'>rogaris</span> 
     </span>
    </p>

    <p class='ocr_par' dir='ltr' id='par_1_5' title="bbox 181 826 1274 1011">
     <span class='ocr_line' id='line_1_11' title="bbox 181 826 1235 882; baseline -0.005 -13"><span class='ocrx_word' id='word_1_71' title='bbox 181 834 223 870; x_wconf 89' lang='lat' dir='ltr'>et</span> <span class='ocrx_word' id='word_1_72' title='bbox 244 842 347 882; x_wconf 87' lang='lat' dir='ltr'>quae</span> <span class='ocrx_word' id='word_1_73' title='bbox 367 828 594 880; x_wconf 87' lang='lat' dir='ltr'>pollicitus.</span> <span class='ocrx_word' id='word_1_74' title='bbox 656 826 887 877; x_wconf 82' lang='lat' dir='ltr'>fugientem</span> <span class='ocrx_word' id='word_1_75' title='bbox 911 839 1030 878; x_wconf 81' lang='lat' dir='ltr'>saepe</span> <span class='ocrx_word' id='word_1_76' title='bbox 1050 826 1235 878; x_wconf 82' lang='lat' dir='ltr'>puellam</span> 
     </span>
     <span class='ocr_line' id='line_1_12' title="bbox 182 890 1274 946; baseline -0.005 -12"><span class='ocrx_word' id='word_1_77' title='bbox 182 895 378 946; x_wconf 79' lang='lat' dir='ltr'>amplexu</span> <span class='ocrx_word' id='word_1_78' title='bbox 400 893 540 945; x_wconf 84' lang='lat' dir='ltr'>rapui3</span> <span class='ocrx_word' id='word_1_79' title='bbox 574 892 733 931; x_wconf 83' lang='lat' dir='ltr'>tabulas</span> <span class='ocrx_word' id='word_1_80' title='bbox 754 904 918 943; x_wconf 81' lang='lat' dir='ltr'>quoque</span> <span class='ocrx_word' id='word_1_81' title='bbox 939 894 1109 943; x_wconf 79' lang='lat' dir='ltr'>ruperat:</span> <span class='ocrx_word' id='word_1_82' title='bbox 1128 893 1170 930; x_wconf 90' lang='lat' dir='ltr'>et</span> <span class='ocrx_word' id='word_1_83' title='bbox 1190 890 1274 930; x_wconf 90' lang='lat' dir='ltr'>iam</span> 
     </span>
     <span class='ocr_line' id='line_1_13' title="bbox 183 955 1102 1011; baseline -0.007 -11"><span class='ocrx_word' id='word_1_84' title='bbox 183 959 388 1011; x_wconf 83' lang='lat' dir='ltr'>signabat,</span> <span class='ocrx_word' id='word_1_85' title='bbox 415 961 501 997; x_wconf 83' lang='lat' dir='ltr'>tota</span> <span class='ocrx_word' id='word_1_86' title='bbox 520 958 589 996; x_wconf 75' lang='lat' dir='ltr'>vix</span> <span class='ocrx_word' id='word_1_87' title='bbox 608 957 688 996; x_wconf 91' lang='lat' dir='ltr'>hoc</span> <span class='ocrx_word' id='word_1_88' title='bbox 708 969 783 1007; x_wconf 84' lang='lat' dir='ltr'>ego</span> <span class='ocrx_word' id='word_1_89' title='bbox 804 960 925 995; x_wconf 87' lang='lat' dir='ltr'>nocte</span> <span class='ocrx_word' id='word_1_90' title='bbox 946 955 1102 995; x_wconf 85' lang='lat' dir='ltr'>redemi</span> 
     </span>
    </p>

    <p class='ocr_par' dir='ltr' id='par_1_6' title="bbox 184 1020 1195 1076">
     <span class='ocr_line' id='line_1_14' title="bbox 184 1020 1195 1076; baseline -0.006 -12"><span class='ocrx_word' id='word_1_91' title='bbox 184 1029 224 1064; x_wconf 83' lang='lat' dir='ltr'>te</span> <span class='ocrx_word' id='word_1_92' title='bbox 244 1025 435 1076; x_wconf 84' lang='lat' dir='ltr'>plorante</span> <span class='ocrx_word' id='word_1_93' title='bbox 455 1022 575 1070; x_wconf 79' lang='lat' dir='ltr'>foris3</span> <span class='ocrx_word' id='word_1_94' title='bbox 607 1021 724 1061; x_wconf 87' lang='lat' dir='ltr'>testis</span> <span class='ocrx_word' id='word_1_95' title='bbox 744 1021 847 1059; x_wconf 91' lang='lat' dir='ltr'>mihi</span> <span class='ocrx_word' id='word_1_96' title='bbox 870 1020 1050 1059; x_wconf 89' lang='lat' dir='ltr'>lectulus</span> <span class='ocrx_word' id='word_1_97' title='bbox 1070 1024 1112 1059; x_wconf 90' lang='lat' dir='ltr'>et</span> <span class='ocrx_word' id='word_1_98' title='bbox 1133 1023 1195 1067; x_wconf 87' lang='lat' dir='ltr'>tu,</span> 
     </span>
    </p>

    <p class='ocr_par' dir='ltr' id='par_1_7' title="bbox 183 1085 1348 1270">
     <span class='ocr_line' id='line_1_15' title="bbox 183 1085 1246 1141; baseline -0.006 -12"><span class='ocrx_word' id='word_1_99' title='bbox 183 1090 234 1129; x_wconf 87' lang='lat' dir='ltr'>ad</span> <span class='ocrx_word' id='word_1_100' title='bbox 258 1102 381 1141; x_wconf 86' lang='lat' dir='ltr'>quem</span> <span class='ocrx_word' id='word_1_101' title='bbox 402 1087 593 1140; x_wconf 84' lang='lat' dir='ltr'>pervenit</span> <span class='ocrx_word' id='word_1_102' title='bbox 613 1086 709 1126; x_wconf 82' lang='lat' dir='ltr'>lecti</span> <span class='ocrx_word' id='word_1_103' title='bbox 731 1099 856 1125; x_wconf 88' lang='lat' dir='ltr'>sonus</span> <span class='ocrx_word' id='word_1_104' title='bbox 875 1088 917 1125; x_wconf 90' lang='lat' dir='ltr'>et</span> <span class='ocrx_word' id='word_1_105' title='bbox 938 1085 1131 1124; x_wconf 84' lang='lat' dir='ltr'>dominae</span> <span class='ocrx_word' id='word_1_106' title='bbox 1154 1098 1246 1124; x_wconf 79' lang='lat' dir='ltr'>vox.</span> 
     </span>
     <span class='ocr_line' id='line_1_16' title="bbox 185 1150 1348 1203; baseline -0.005 -9"><span class='ocrx_word' id='word_1_107' title='bbox 185 1154 378 1194; x_wconf 86' lang='lat' dir='ltr'>instabile</span> <span class='ocrx_word' id='word_1_108' title='bbox 398 1166 445 1192; x_wconf 84' lang='lat' dir='ltr'>ac</span> <span class='ocrx_word' id='word_1_109' title='bbox 465 1152 608 1191; x_wconf 86' lang='lat' dir='ltr'>dirimi</span> <span class='ocrx_word' id='word_1_110' title='bbox 630 1154 822 1203; x_wconf 86' lang='lat' dir='ltr'>coeptum</span> <span class='ocrx_word' id='word_1_111' title='bbox 846 1153 888 1190; x_wconf 89' lang='lat' dir='ltr'>et</span> <span class='ocrx_word' id='word_1_112' title='bbox 908 1150 990 1189; x_wconf 86' lang='lat' dir='ltr'>iam</span> <span class='ocrx_word' id='word_1_113' title='bbox 1011 1163 1142 1202; x_wconf 88' lang='lat' dir='ltr'>paene</span> <span class='ocrx_word' id='word_1_114' title='bbox 1163 1150 1348 1189; x_wconf 89' lang='lat' dir='ltr'>solutum</span> 
     </span>
     <span class='ocr_line' id='line_1_17' title="bbox 184 1215 1270 1270; baseline -0.006 -11"><span class='ocrx_word' id='word_1_115' title='bbox 184 1217 494 1270; x_wconf 83' lang='lat' dir='ltr'>coniugium-in</span> <span class='ocrx_word' id='word_1_116' title='bbox 515 1217 661 1256; x_wconf 88' lang='lat' dir='ltr'>multis</span> <span class='ocrx_word' id='word_1_117' title='bbox 681 1216 873 1255; x_wconf 89' lang='lat' dir='ltr'>domibus</span> <span class='ocrx_word' id='word_1_118' title='bbox 894 1215 1073 1254; x_wconf 86' lang='lat' dir='ltr'>servavit</span> <span class='ocrx_word' id='word_1_119' title='bbox 1093 1215 1270 1254; x_wconf 89' lang='lat' dir='ltr'>adulter.</span> 
     </span>
    </p>

    <p class='ocr_par' dir='ltr' id='par_1_8' title="bbox 186 1280 1440 1465">
     <span class='ocr_line' id='line_1_18' title="bbox 186 1280 1400 1336; baseline -0.005 -13"><span class='ocrx_word' id='word_1_120' title='bbox 186 1297 268 1336; x_wconf 86' lang='lat' dir='ltr'>quo</span> <span class='ocrx_word' id='word_1_121' title='bbox 288 1287 329 1323; x_wconf 86' lang='lat' dir='ltr'>te</span> <span class='ocrx_word' id='word_1_122' title='bbox 350 1283 638 1333; x_wconf 77' lang='lat' dir='ltr'>circumagas‘?</span> <span class='ocrx_word' id='word_1_123' title='bbox 695 1294 798 1332; x_wconf 80' lang='lat' dir='ltr'>quae</span> <span class='ocrx_word' id='word_1_124' title='bbox 819 1280 955 1332; x_wconf 88' lang='lat' dir='ltr'>prima</span> <span class='ocrx_word' id='word_1_125' title='bbox 974 1282 1048 1319; x_wconf 88' lang='lat' dir='ltr'>aut</span> <span class='ocrx_word' id='word_1_126' title='bbox 1068 1280 1220 1318; x_wconf 88' lang='lat' dir='ltr'>ultima</span> <span class='ocrx_word' id='word_1_127' title='bbox 1242 1292 1368 1331; x_wconf 88' lang='lat' dir='ltr'>ponas</span> <span class='ocrx_word' id='word_1_128' title='bbox 1382 1280 1400 1317; x_wconf 77' lang='lat'>⁸?</span> 
     </span>
     <span class='ocr_line' id='line_1_19' title="bbox 186 1343 1440 1398; baseline -0.005 -11"><span class='ocrx_word' id='word_1_129' title='bbox 186 1348 353 1388; x_wconf 83' lang='lat' dir='ltr'>nullum</span> <span class='ocrx_word' id='word_1_130' title='bbox 375 1360 472 1398; x_wconf 83' lang='lat' dir='ltr'>ergo</span> <span class='ocrx_word' id='word_1_131' title='bbox 493 1346 691 1385; x_wconf 88' lang='lat' dir='ltr'>meritum</span> <span class='ocrx_word' id='word_1_132' title='bbox 713 1348 788 1392; x_wconf 89' lang='lat' dir='ltr'>est,</span> <span class='ocrx_word' id='word_1_133' title='bbox 813 1345 975 1396; x_wconf 76' lang='lat' dir='ltr'>ingrate</span> <span class='ocrx_word' id='word_1_134' title='bbox 995 1357 1041 1383; x_wconf 88' lang='lat' dir='ltr'>ac</span> <span class='ocrx_word' id='word_1_135' title='bbox 1064 1344 1233 1396; x_wconf 88' lang='lat' dir='ltr'>perfide,</span> <span class='ocrx_word' id='word_1_136' title='bbox 1257 1343 1440 1390; x_wconf 86' lang='lat' dir='ltr'>nullum,</span> 
     </span>
     <span class='ocr_line' id='line_1_20' title="bbox 187 1409 1159 1465; baseline -0.005 -13"><span class='ocrx_word' id='word_1_137' title='bbox 187 1413 298 1465; x_wconf 90' lang='lat' dir='ltr'>quod</span> <span class='ocrx_word' id='word_1_138' title='bbox 321 1412 397 1451; x_wconf 86' lang='lat' dir='ltr'>tibi</span> <span class='ocrx_word' id='word_1_139' title='bbox 419 1411 572 1450; x_wconf 87' lang='lat' dir='ltr'>filiolus</span> <span class='ocrx_word' id='word_1_140' title='bbox 591 1411 655 1449; x_wconf 82' lang='lat' dir='ltr'>vel</span> <span class='ocrx_word' id='word_1_141' title='bbox 678 1409 763 1449; x_wconf 90' lang='lat' dir='ltr'>filia</span> <span class='ocrx_word' id='word_1_142' title='bbox 783 1409 971 1448; x_wconf 85' lang='lat' dir='ltr'>nascitur</span> <span class='ocrx_word' id='word_1_143' title='bbox 990 1422 1039 1448; x_wconf 81' lang='lat' dir='ltr'>ex</span> <span class='ocrx_word' id='word_1_144' title='bbox 1061 1422 1126 1447; x_wconf 89' lang='lat' dir='ltr'>me</span> <span class='ocrx_word' id='word_1_145' title='bbox 1141 1410 1159 1447; x_wconf 71' lang='grc' dir='ltr'>’Ξ</span> 
     </span>
    </p>

    <p class='ocr_par' dir='ltr' id='par_1_9' title="bbox 186 1474 1230 1595">
     <span class='ocr_line' id='line_1_21' title="bbox 187 1474 1230 1526; baseline -0.005 -9"><span class='ocrx_word' id='word_1_146' title='bbox 187 1478 300 1518; x_wconf 86' lang='lat' dir='ltr'>tollis</span> <span class='ocrx_word' id='word_1_147' title='bbox 320 1477 433 1516; x_wconf 87' lang='lat' dir='ltr'>enim</span> <span class='ocrx_word' id='word_1_148' title='bbox 454 1480 496 1515; x_wconf 89' lang='lat' dir='ltr'>et</span> <span class='ocrx_word' id='word_1_149' title='bbox 516 1475 632 1514; x_wconf 84' lang='lat' dir='ltr'>libris</span> <span class='ocrx_word' id='word_1_150' title='bbox 652 1477 841 1514; x_wconf 85' lang='lat' dir='ltr'>actorum</span> <span class='ocrx_word' id='word_1_151' title='bbox 863 1487 1055 1526; x_wconf 86' lang='lat' dir='ltr'>spargere</span> <span class='ocrx_word' id='word_1_152' title='bbox 1075 1474 1230 1525; x_wconf 83' lang='lat' dir='ltr'>gaudes</span> 
     </span>
     <span class='ocr_line' id='line_1_22' title="bbox 186 1539 1205 1595; baseline -0.005 -13"><span class='ocrx_word' id='word_1_153' title='bbox 186 1544 436 1595; x_wconf 84' lang='lat' dir='ltr'>argumenta</span> <span class='ocrx_word' id='word_1_154' title='bbox 456 1541 548 1579; x_wconf 82' lang='lat' dir='ltr'>viri.</span> <span class='ocrx_word' id='word_1_155' title='bbox 608 1540 767 1579; x_wconf 79' lang='lat' dir='ltr'>foribus</span> <span class='ocrx_word' id='word_1_156' title='bbox 789 1539 994 1590; x_wconf 85' lang='lat' dir='ltr'>suspende</span> <span class='ocrx_word' id='word_1_157' title='bbox 1015 1551 1205 1578; x_wconf 87' lang='lat' dir='ltr'>coronas:</span> 
     </span>
    </p>

    <p class='ocr_par' dir='ltr' id='par_1_10' title="bbox 187 1592 1380 1852">
     <span class='ocr_line' id='line_1_23' title="bbox 187 1592 1380 1659; baseline -0.004 -12"><span class='ocrx_word' id='word_1_158' title='bbox 187 1608 269 1648; x_wconf 90' lang='lat' dir='ltr'>iam</span> <span class='ocrx_word' id='word_1_159' title='bbox 291 1611 409 1659; x_wconf 85' lang='lat' dir='ltr'>pater</span> <span class='ocrx_word' id='word_1_160' title='bbox 428 1619 484 1653; x_wconf 78' lang='lat' dir='ltr'>es,</span> <span class='ocrx_word' id='word_1_161' title='bbox 508 1605 698 1644; x_wconf 88' lang='lat' dir='ltr'>dedimus</span> <span class='ocrx_word' id='word_1_162' title='bbox 720 1604 830 1655; x_wconf 87' lang='lat' dir='ltr'>quod</span> <span class='ocrx_word' id='word_1_163' title='bbox 851 1592 987 1643; x_wconf 77' lang='lat' dir='ltr'>famae</span> <span class='ocrx_word' id='word_1_164' title='bbox 1008 1616 1216 1655; x_wconf 88' lang='lat' dir='ltr'>opponere</span> <span class='ocrx_word' id='word_1_165' title='bbox 1237 1602 1380 1655; x_wconf 87' lang='lat' dir='ltr'>possis.</span> 
     </span>
     <span class='ocr_line' id='line_1_24' title="bbox 187 1668 1285 1724; baseline -0.005 -12"><span class='ocrx_word' id='word_1_166' title='bbox 187 1674 279 1712; x_wconf 91' lang='lat' dir='ltr'>iura</span> <span class='ocrx_word' id='word_1_167' title='bbox 298 1671 484 1724; x_wconf 86' lang='lat' dir='ltr'>parentis</span> <span class='ocrx_word' id='word_1_168' title='bbox 503 1671 641 1717; x_wconf 79' lang='lat' dir='ltr'>habes,</span> <span class='ocrx_word' id='word_1_169' title='bbox 666 1673 837 1722; x_wconf 85' lang='lat' dir='ltr'>propter</span> <span class='ocrx_word' id='word_1_170' title='bbox 857 1683 922 1708; x_wconf 91' lang='lat' dir='ltr'>me</span> <span class='ocrx_word' id='word_1_171' title='bbox 943 1668 1134 1708; x_wconf 89' lang='lat' dir='ltr'>scriberis</span> <span class='ocrx_word' id='word_1_172' title='bbox 1153 1668 1285 1715; x_wconf 88' lang='lat' dir='ltr'>heres,</span> 
     </span>
     <span class='ocr_line' id='line_1_25' title="bbox 187 1733 1294 1788; baseline -0.005 -11"><span class='ocrx_word' id='word_1_173' title='bbox 187 1738 373 1788; x_wconf 85' lang='lat' dir='ltr'>legatum</span> <span class='ocrx_word' id='word_1_174' title='bbox 394 1749 516 1775; x_wconf 87' lang='lat' dir='ltr'>omne</span> <span class='ocrx_word' id='word_1_175' title='bbox 537 1735 650 1786; x_wconf 89' lang='lat' dir='ltr'>capis</span> <span class='ocrx_word' id='word_1_176' title='bbox 670 1748 745 1774; x_wconf 89' lang='lat' dir='ltr'>nec</span> <span class='ocrx_word' id='word_1_177' title='bbox 766 1747 849 1773; x_wconf 89' lang='lat' dir='ltr'>non</span> <span class='ocrx_word' id='word_1_178' title='bbox 870 1736 912 1773; x_wconf 89' lang='lat' dir='ltr'>et</span> <span class='ocrx_word' id='word_1_179' title='bbox 932 1734 1053 1773; x_wconf 84' lang='lat' dir='ltr'>dulce</span> <span class='ocrx_word' id='word_1_180' title='bbox 1074 1733 1294 1773; x_wconf 86' lang='lat' dir='ltr'>caducum.</span> 
     </span>
     <span class='ocr_line' id='line_1_26' title="bbox 188 1798 1241 1852; baseline -0.006 -10"><span class='ocrx_word' id='word_1_181' title='bbox 188 1801 405 1842; x_wconf 87' lang='lat' dir='ltr'>commoda</span> <span class='ocrx_word' id='word_1_182' title='bbox 425 1805 636 1852; x_wconf 86' lang='lat' dir='ltr'>praeterea</span> <span class='ocrx_word' id='word_1_183' title='bbox 656 1799 887 1850; x_wconf 81' lang='lat' dir='ltr'>iungentur</span> <span class='ocrx_word' id='word_1_184' title='bbox 907 1798 1042 1837; x_wconf 87' lang='lat' dir='ltr'>multa</span> <span class='ocrx_word' id='word_1_185' title='bbox 1061 1798 1241 1845; x_wconf 87' lang='lat' dir='ltr'>caducis,</span> 
     </span>
    </p>

    <p class='ocr_par' dir='ltr' id='par_1_11' title="bbox 188 1862 1380 1979">
     <span class='ocr_line' id='line_1_27' title="bbox 188 1862 1279 1916; baseline -0.005 -10"><span class='ocrx_word' id='word_1_186' title='bbox 188 1867 221 1907; x_wconf 87' lang='lat' dir='ltr'>si</span> <span class='ocrx_word' id='word_1_187' title='bbox 238 1879 481 1912; x_wconf 84' lang='lat' dir='ltr'>numerum,</span> <span class='ocrx_word' id='word_1_188' title='bbox 506 1865 538 1904; x_wconf 92' lang='lat' dir='ltr'>si</span> <span class='ocrx_word' id='word_1_189' title='bbox 559 1867 642 1904; x_wconf 89' lang='lat' dir='ltr'>tres</span> <span class='ocrx_word' id='word_1_190' title='bbox 662 1863 921 1916; x_wconf 83' lang='lat' dir='ltr'>implevero.’</span> <span class='ocrx_word' id='word_1_191' title='bbox 981 1863 1090 1902; x_wconf 88' lang='lat' dir='ltr'>iusta</span> <span class='ocrx_word' id='word_1_192' title='bbox 1111 1862 1279 1910; x_wconf 90' lang='lat' dir='ltr'>doloris,</span> 
     </span>
     <span class='ocr_line' id='line_1_28' title="bbox 189 1927 1380 1979; baseline -0.004 -8"><span class='ocrx_word' id='word_1_193' title='bbox 189 1931 386 1978; x_wconf 81' lang='lat' dir='ltr'>Naevole,</span> <span class='ocrx_word' id='word_1_194' title='bbox 411 1943 533 1970; x_wconf 90' lang='lat' dir='ltr'>causa</span> <span class='ocrx_word' id='word_1_195' title='bbox 552 1929 636 1978; x_wconf 87' lang='lat' dir='ltr'>tui;</span> <span class='ocrx_word' id='word_1_196' title='bbox 667 1931 812 1968; x_wconf 85' lang='lat' dir='ltr'>contra</span> <span class='ocrx_word' id='word_1_197' title='bbox 832 1931 973 1967; x_wconf 87' lang='lat' dir='ltr'>tamen</span> <span class='ocrx_word' id='word_1_198' title='bbox 993 1928 1064 1967; x_wconf 89' lang='lat' dir='ltr'>ille</span> <span class='ocrx_word' id='word_1_199' title='bbox 1085 1927 1183 1979; x_wconf 86' lang='lat' dir='ltr'>quid</span> <span class='ocrx_word' id='word_1_200' title='bbox 1208 1927 1347 1966; x_wconf 80' lang='lat' dir='ltr'>adfert</span> <span class='ocrx_word' id='word_1_201' title='bbox 1361 1928 1380 1966; x_wconf 67' lang='grc' dir='ltr'>’.Ρ</span> 
     </span>
    </p>
   </div>
   <div class='ocr_carea' id='block_1_3' title="bbox 246 1990 1458 2047">
    <p class='ocr_par' dir='ltr' id='par_1_12' title="bbox 246 1990 1458 2047">
     <span class='ocr_line' id='line_1_29' title="bbox 246 1990 1458 2047; baseline -0.005 -12"><span class='ocrx_word' id='word_1_202' title='bbox 246 1997 255 2014; x_wconf 72' lang='lat'><strong><em>⁶</em></strong></span> <span class='ocrx_word' id='word_1_203' title='bbox 272 1995 458 2047; x_wconf 73' lang='lat' dir='ltr'>neglegit</span> <span class='ocrx_word' id='word_1_204' title='bbox 478 1998 603 2045; x_wconf 86' lang='lat' dir='ltr'>atque</span> <span class='ocrx_word' id='word_1_205' title='bbox 624 1993 753 2033; x_wconf 88' lang='lat' dir='ltr'>alium</span> <span class='ocrx_word' id='word_1_206' title='bbox 774 1993 967 2044; x_wconf 82' lang='lat' dir='ltr'>bipedem</span> <span class='ocrx_word' id='word_1_207' title='bbox 989 1991 1066 2031; x_wconf 88' lang='lat' dir='ltr'>sibi</span> <span class='ocrx_word' id='word_1_208' title='bbox 1088 1991 1251 2043; x_wconf 86' lang='lat' dir='ltr'>quaerit</span> <span class='ocrx_word' id='word_1_209' title='bbox 1271 1990 1458 2030; x_wconf 86' lang='lat' dir='ltr'>asellum.</span> 
     </span>
    </p>
   </div>
   <div class='ocr_carea' id='block_1_4' title="bbox 138 2057 1447 2497">
    <p class='ocr_par' dir='ltr' id='par_1_13' title="bbox 189 2057 1118 2103">
     <span class='ocr_line' id='line_1_30' title="bbox 189 2057 1118 2103; baseline -0.005 -3"><span class='ocrx_word' id='word_1_210' title='bbox 189 2062 290 2101; x_wconf 78' lang='lat' dir='ltr'>haec</span> <span class='ocrx_word' id='word_1_211' title='bbox 311 2060 384 2099; x_wconf 87' lang='lat' dir='ltr'>soli</span> <span class='ocrx_word' id='word_1_212' title='bbox 406 2058 624 2099; x_wconf 87' lang='lat' dir='ltr'>commissa</span> <span class='ocrx_word' id='word_1_213' title='bbox 645 2057 721 2097; x_wconf 86' lang='lat' dir='ltr'>tibi</span> <span class='ocrx_word' id='word_1_214' title='bbox 742 2057 873 2096; x_wconf 87' lang='lat' dir='ltr'>celare</span> <span class='ocrx_word' id='word_1_215' title='bbox 894 2059 1118 2103; x_wconf 82' lang='lat' dir='ltr'>memento,</span> 
     </span>
    </p>

    <p class='ocr_par' dir='ltr' id='par_1_14' title="bbox 191 2121 1118 2173">
     <span class='ocr_line' id='line_1_31' title="bbox 191 2121 1118 2173; baseline -0.006 -8"><span class='ocrx_word' id='word_1_216' title='bbox 191 2130 232 2166; x_wconf 91' lang='lat' dir='ltr'>et</span> <span class='ocrx_word' id='word_1_217' title='bbox 252 2125 405 2165; x_wconf 83' lang='lat' dir='ltr'>tacitus</span> <span class='ocrx_word' id='word_1_218' title='bbox 424 2126 586 2163; x_wconf 87' lang='lat' dir='ltr'>nostras</span> <span class='ocrx_word' id='word_1_219' title='bbox 606 2122 718 2161; x_wconf 87' lang='lat' dir='ltr'>intra</span> <span class='ocrx_word' id='word_1_220' title='bbox 738 2125 779 2161; x_wconf 88' lang='lat' dir='ltr'>te</span> <span class='ocrx_word' id='word_1_221' title='bbox 801 2122 879 2173; x_wconf 84' lang='lat' dir='ltr'>fige</span> <span class='ocrx_word' id='word_1_222' title='bbox 901 2121 1118 2173; x_wconf 86' lang='lat' dir='ltr'>querellas.</span> 
     </span>
    </p>

    <p class='ocr_par' dir='ltr' id='par_1_15' title="bbox 191 2185 1233 2237">
     <span class='ocr_line' id='line_1_32' title="bbox 191 2185 1233 2237; baseline -0.006 -7"><span class='ocrx_word' id='word_1_223' title='bbox 191 2204 287 2230; x_wconf 83' lang='lat' dir='ltr'>nam</span> <span class='ocrx_word' id='word_1_224' title='bbox 310 2203 371 2228; x_wconf 87' lang='lat' dir='ltr'>res</span> <span class='ocrx_word' id='word_1_225' title='bbox 392 2188 609 2228; x_wconf 79' lang='lat' dir='ltr'>mortifera</span> <span class='ocrx_word' id='word_1_226' title='bbox 629 2190 689 2227; x_wconf 83' lang='lat' dir='ltr'>est</span> <span class='ocrx_word' id='word_1_227' title='bbox 710 2187 905 2226; x_wconf 88' lang='lat' dir='ltr'>inimicus</span> <span class='ocrx_word' id='word_1_228' title='bbox 926 2185 1092 2237; x_wconf 85' lang='lat' dir='ltr'>pumice</span> <span class='ocrx_word' id='word_1_229' title='bbox 1111 2185 1233 2234; x_wconf 81' lang='lat' dir='ltr'>levis3</span> 
     </span>
    </p>

    <p class='ocr_par' dir='ltr' id='par_1_16' title="bbox 138 2249 1447 2437">
     <span class='ocr_line' id='line_1_33' title="bbox 192 2249 1281 2307; baseline -0.005 -14"><span class='ocrx_word' id='word_1_230' title='bbox 192 2256 263 2307; x_wconf 79' lang='lat' dir='ltr'>qui</span> <span class='ocrx_word' id='word_1_231' title='bbox 285 2255 408 2293; x_wconf 84' lang='lat' dir='ltr'>modo</span> <span class='ocrx_word' id='word_1_232' title='bbox 429 2257 631 2292; x_wconf 86' lang='lat' dir='ltr'>secretum</span> <span class='ocrx_word' id='word_1_233' title='bbox 654 2252 951 2297; x_wconf 76' lang='lat' dir='ltr'>commisscrat,</span> <span class='ocrx_word' id='word_1_234' title='bbox 977 2250 1096 2289; x_wconf 87' lang='lat' dir='ltr'>ardet</span> <span class='ocrx_word' id='word_1_235' title='bbox 1116 2253 1158 2289; x_wconf 88' lang='lat' dir='ltr'>et</span> <span class='ocrx_word' id='word_1_236' title='bbox 1178 2249 1281 2297; x_wconf 89' lang='lat' dir='ltr'>odit,</span> 
     </span>
     <span class='ocr_line' id='line_1_34' title="bbox 192 2314 1447 2371; baseline -0.006 -11"><span class='ocrx_word' id='word_1_237' title='bbox 192 2327 406 2371; x_wconf 71' lang='lat' dir='ltr'>tamquam</span> <span class='ocrx_word' id='word_1_238' title='bbox 428 2319 682 2371; x_wconf 87' lang='lat' dir='ltr'>prodiderim</span> <span class='ocrx_word' id='word_1_239' title='bbox 705 2317 909 2369; x_wconf 81' lang='lat' dir='ltr'>quidquid</span> <span class='ocrx_word' id='word_1_240' title='bbox 933 2315 1031 2355; x_wconf 92' lang='lat' dir='ltr'>scio.</span> <span class='ocrx_word' id='word_1_241' title='bbox 1091 2327 1252 2354; x_wconf 82' lang='lat' dir='ltr'>sumere</span> <span class='ocrx_word' id='word_1_242' title='bbox 1272 2314 1447 2361; x_wconf 78' lang='lat' dir='ltr'>ferrum,</span> 
     </span>
     <span class='ocr_line' id='line_1_35' title="bbox 138 2379 1259 2437; baseline -0.008 -11"><span class='ocrx_word' id='word_1_243' title='bbox 138 2416 141 2419; x_wconf 84' lang='lat'>-</span> <span class='ocrx_word' id='word_1_244' title='bbox 191 2387 303 2426; x_wconf 82' lang='lat' dir='ltr'>fuste</span> <span class='ocrx_word' id='word_1_245' title='bbox 323 2385 481 2437; x_wconf 87' lang='lat' dir='ltr'>aperire</span> <span class='ocrx_word' id='word_1_246' title='bbox 502 2387 642 2436; x_wconf 79' lang='lat' dir='ltr'>caput,</span> <span class='ocrx_word' id='word_1_247' title='bbox 666 2383 881 2423; x_wconf 88' lang='lat' dir='ltr'>candelam</span> <span class='ocrx_word' id='word_1_248' title='bbox 902 2381 1110 2433; x_wconf 84' lang='lat' dir='ltr'>adponere</span> <span class='ocrx_word' id='word_1_249' title='bbox 1131 2379 1259 2418; x_wconf 75' lang='lat' dir='ltr'>valvis</span> 
     </span>
    </p>

    <p class='ocr_par' dir='ltr' id='par_1_17' title="bbox 193 2443 1324 2497">
     <span class='ocr_line' id='line_1_36' title="bbox 193 2443 1324 2497; baseline -0.007 -6"><span class='ocrx_word' id='word_1_250' title='bbox 193 2463 275 2491; x_wconf 85' lang='lat' dir='ltr'>non</span> <span class='ocrx_word' id='word_1_251' title='bbox 297 2449 478 2490; x_wconf 85' lang='lat' dir='ltr'>dubitat.</span> <span class='ocrx_word' id='word_1_252' title='bbox 539 2461 614 2488; x_wconf 88' lang='lat' dir='ltr'>nec</span> <span class='ocrx_word' id='word_1_253' title='bbox 634 2450 876 2488; x_wconf 77' lang='lat' dir='ltr'>contemnas</span> <span class='ocrx_word' id='word_1_254' title='bbox 895 2448 969 2485; x_wconf 83' lang='lat' dir='ltr'>aut</span> <span class='ocrx_word' id='word_1_255' title='bbox 989 2443 1191 2497; x_wconf 87' lang='lat' dir='ltr'>despicias</span> <span class='ocrx_word' id='word_1_256' title='bbox 1213 2444 1324 2496; x_wconf 82' lang='lat' dir='ltr'>quod</span> 
     </span>
    </p>
   </div>
   <div class='ocr_carea' id='block_1_5' title="bbox 1581 243 1629 281">
    <p class='ocr_par' dir='ltr' id='par_1_18' title="bbox 1581 243 1629 281">
     <span class='ocr_line' id='line_1_37' title="bbox 1581 243 1629 281; baseline 0.021 -1"><span class='ocrx_word' id='word_1_257' title='bbox 1581 243 1629 281; x_wconf 86' lang='lat'>65</span> 
     </span>
    </p>
   </div>
   <div class='ocr_carea' id='block_1_6' title="bbox 1585 566 1634 606">
    <p class='ocr_par' dir='ltr' id='par_1_19' title="bbox 1585 566 1634 606">
     <span class='ocr_line' id='line_1_38' title="bbox 1585 566 1634 606; baseline -0.061 0"><span class='ocrx_word' id='word_1_258' title='bbox 1585 566 1634 606; x_wconf 76' lang='grc'><strong>’70</strong></span> 
     </span>
    </p>
   </div>
   <div class='ocr_carea' id='block_1_7' title="bbox 1589 890 1637 929">
    <p class='ocr_par' dir='ltr' id='par_1_20' title="bbox 1589 890 1637 929">
     <span class='ocr_line' id='line_1_39' title="bbox 1589 890 1637 929; baseline -0.021 0"><span class='ocrx_word' id='word_1_259' title='bbox 1589 890 1637 929; x_wconf 78' lang='lat'>75</span> 
     </span>
    </p>
   </div>
   <div class='ocr_carea' id='block_1_8' title="bbox 1590 1215 1641 1252">
    <p class='ocr_par' dir='ltr' id='par_1_21' title="bbox 1590 1215 1641 1252">
     <span class='ocr_line' id='line_1_40' title="bbox 1590 1215 1641 1252; baseline 0 0"><span class='ocrx_word' id='word_1_260' title='bbox 1590 1215 1641 1252; x_wconf 90' lang='grc'>80</span> 
     </span>
    </p>
   </div>
   <div class='ocr_carea' id='block_1_9' title="bbox 1593 1539 1642 1577">
    <p class='ocr_par' dir='ltr' id='par_1_22' title="bbox 1593 1539 1642 1577">
     <span class='ocr_line' id='line_1_41' title="bbox 1593 1539 1642 1577; baseline -0.02 0"><span class='ocrx_word' id='word_1_261' title='bbox 1593 1539 1642 1577; x_wconf 88' lang='grc'>85</span> 
     </span>
    </p>
   </div>
   <div class='ocr_carea' id='block_1_10' title="bbox 1594 1862 1644 1900">
    <p class='ocr_par' dir='ltr' id='par_1_23' title="bbox 1594 1862 1644 1900">
     <span class='ocr_line' id='line_1_42' title="bbox 1594 1862 1644 1900; baseline 0 0"><span class='ocrx_word' id='word_1_262' title='bbox 1594 1862 1644 1900; x_wconf 88' lang='grc'>90</span> 
     </span>
    </p>
   </div>
   <div class='ocr_carea' id='block_1_11' title="bbox 1595 2186 1644 2224">
    <p class='ocr_par' dir='ltr' id='par_1_24' title="bbox 1595 2186 1644 2224">
     <span class='ocr_line' id='line_1_43' title="bbox 1595 2186 1644 2224; baseline 0 0"><span class='ocrx_word' id='word_1_263' title='bbox 1595 2186 1644 2224; x_wconf 86' lang='grc'>95</span> 
     </span>
    </p>
   </div>
  </div>
 </body>
</html>
