1778 2693
714 113 889 142 SATVRA
921 113 949 142 X

594 494 771 534 LIBER
810 495 1079 543 QVARTVS

703 624 892 656 SATVRA
926 625 958 657 X

101 732 309 773 Omnibus
332 734 376 773 in
398 733 532 782 terris,
558 747 662 786 quae
683 740 784 774 sunt
804 748 827 774 a
849 735 1036 774 Gadibus
1057 749 1188 787 usque

100 798 309 838 Auroram
330 802 372 838 et
394 798 584 850 Gangen,
607 799 730 851 pauci
753 799 967 840 dinoscere
988 805 1164 852 possunt

99 876 196 903 vera
214 863 324 903 bona
344 866 470 915 atque
490 863 574 903 illis
595 865 779 903 multum
801 865 976 911 diversa,
1001 868 1161 905 remota

99 928 250 969 erroris
269 929 437 968 nebula.
499 929 600 980 quid
621 929 733 968 enim
756 930 916 970 ratione
937 930 1136 970 timemus

98 996 173 1034 aut
192 994 421 1046 cupimus?
477 994 579 1046 quid
601 998 686 1034 tam
710 995 859 1035 dextro
883 996 988 1047 pede
1009 995 1210 1047 concipis,
1234 999 1283 1036 ut
1302 999 1344 1037 te

99 1062 274 1099 conatus
294 1072 379 1098 non
400 1059 613 1111 paeniteat
634 1060 804 1112 votique
825 1061 1017 1113 peracti?

99 1127 282 1164 evertere
303 1125 448 1164 domos
468 1128 577 1164 totas
597 1125 844 1181 optantibus
864 1125 965 1178 ipsis

98 1189 142 1229 di
162 1189 320 1230 faciles.
382 1189 576 1230 nocitura
596 1193 707 1241 toga,
732 1191 926 1231 nocitura
945 1193 1154 1244 petuntur

97 1254 271 1304 militia3
303 1258 465 1295 torrens
486 1255 653 1295 dicendi
674 1256 794 1308 copia
814 1257 961 1296 multis

97 1323 139 1360 et
159 1333 233 1360 sua
253 1321 471 1360 mortifera
491 1323 552 1360 est
572 1321 787 1369 facundia,
814 1322 971 1361 viribus
992 1322 1061 1362 ille

97 1385 277 1426 confisus
296 1386 422 1438 periit
442 1386 785 1442 admirandisque
805 1387 985 1435 lacertis,

96 1451 166 1491 sed
187 1451 329 1503 plures
366 1451 498 1490 nimia
519 1455 716 1503 congesta
737 1452 915 1504 pecunia
934 1465 1034 1492 cura

95 1516 333 1568 strangulat
353 1519 395 1556 et
415 1519 569 1556 cuncta
589 1530 824 1569 exuperans
845 1517 1101 1570 patrimonia
1121 1532 1269 1559 census

95 1584 254 1633 quanto
275 1581 488 1634 delphinis
509 1582 697 1622 ballaena
721 1582 966 1622 Britannica
987 1583 1134 1623 maior.

95 1647 356 1698 temporibus
376 1647 478 1686 diris
499 1647 632 1699 igitur
653 1647 852 1699 iussuque
874 1648 1057 1688 Neronis

94 1710 337 1764 Longinum
359 1714 403 1751 et
423 1725 597 1764 magnos
619 1712 798 1752 Senecae
819 1713 1064 1765 praedivitis
1084 1713 1229 1755 hortos

92 1775 245 1816 clausit
265 1780 308 1816 et
328 1777 516 1829 egregias
537 1777 840 1817 Lateranorum
864 1778 1026 1818 obsidet
1045 1779 1166 1818 aedes

92 1843 182 1881 tota
200 1841 368 1882 cohors:
399 1856 518 1882 rarus
538 1843 654 1883 venit
675 1843 717 1882 in
740 1846 939 1883 cenacula
960 1843 1090 1884 miles.

91 1919 225 1959 pauca
243 1907 344 1947 licet
362 1910 505 1960 portes
524 1908 689 1960 argenti
713 1909 878 1948 vascula
898 1909 995 1961 puri

93 1975 214 2013 nocte
235 1973 317 2012 iter
337 1973 561 2025 ingressus,
587 1974 775 2026 gladium
798 1978 1057 2026 contumque
1079 1975 1245 2016 timebis

91 2040 134 2078 et
154 2041 290 2078 motae
311 2039 363 2078 ad
385 2039 530 2079 lunam
553 2038 784 2091 trepidabis
805 2039 1059 2080 harundinis
1079 2041 1292 2081 umbram}

91 2103 280 2143 cantabit
299 2117 456 2144 vacuus
476 2118 616 2145 coram
637 2105 800 2145 latrone
822 2105 968 2145 viator.

91 2168 229 2220 prima
248 2169 336 2209 fere
359 2174 455 2210 vota
474 2173 516 2210 et
535 2171 701 2211 cunctis
721 2170 941 2210 notissima
961 2171 1133 2223 templis

92 2233 278 2282 divitiae,
303 2238 491 2275 crescant
513 2238 562 2275 ut
582 2249 693 2289 opes,
718 2239 766 2275 ut
788 2236 972 2275 maxima
994 2239 1082 2276 toto

91 2300 235 2338 nostra
255 2299 310 2339 sit
329 2313 424 2340 arca
444 2301 551 2341 foro.
611 2302 679 2341 sed
703 2301 822 2341 nulla
842 2301 1010 2341 aconita
1032 2301 1240 2342 bibuntur

92 2363 314 2404 fictilibus:
345 2368 448 2406 tunc
469 2366 541 2407 illa
563 2367 679 2414 time,
703 2380 800 2406 cum
822 2366 973 2419 pocula
993 2379 1131 2407 sumes

91 2432 304 2481 gemmata
322 2433 365 2470 et
384 2430 470 2471 lato
491 2431 686 2472 Setinum
707 2432 873 2472 ardebit
893 2432 938 2472 in
958 2445 1076 2473 auro.

1509 118 1557 160 71

1515 1327 1564 1365 10

1513 1653 1561 1691 15

1511 1979 1562 2016 20

1511 2305 1560 2344 25
