1778 2693
196 119 272 149 100
677 117 715 145 D.
754 116 881 146 IVNII
912 116 1162 145 IVVENALIS

191 226 290 258 tunc
311 218 427 265 felix,
453 217 645 270 quotiens
665 217 816 269 aliquis
837 220 993 256 tortore
1015 219 1158 256 vocato

192 285 327 323 uritur
348 283 512 322 ardenti
534 283 557 321 d
567 296 617 321 uo
639 286 809 334 propter
830 282 961 321 lintea
980 282 1145 321 ferro—

189 350 288 401 quid
311 349 456 388 suadet
477 348 617 386 iuveni
639 347 771 386 laetus
791 347 967 386 stridore
989 349 1172 393 catenae,

188 428 310 466 quem
333 414 436 453 mire
458 413 663 452 adficiunt
684 412 899 464 inscripta,
923 411 1146 463 ergastula,
1170 424 1307 450 carcer
1321 412 1339 449 ⁶?

188 479 368 518 rusticus
389 481 582 530 expectas
603 481 652 516 ut
672 491 756 516 non
778 477 831 516 sit
851 477 1042 516 adultera
1064 476 1221 527 Largae

191 544 287 590 filia,
313 556 416 595 quae
438 556 671 594 numquam
693 546 902 582 maternos
922 542 1058 581 dicere
1080 540 1272 580 moechos

189 612 273 648 tam
295 609 378 647 cito
399 621 475 646 nec
496 610 615 646 tanto
635 607 792 659 poterit
812 610 1032 646 contexere
1052 619 1190 653 cursu,

189 678 236 712 ut
257 686 341 711 non
363 672 563 712 terdecies
583 671 790 723 respiret?
845 671 1010 711 conscia
1029 670 1153 710 matri

191 738 304 789 virgo
326 738 424 785 fuit,
449 750 562 777 ceras
582 750 695 775 nunc
715 736 793 776 hac
814 736 1000 776 dictante
1021 735 1192 788 pusillas

190 803 339 855 implet
358 805 400 842 et
420 803 471 841 ad
494 802 717 841 moechum
738 802 810 840 dat
830 801 984 840 eisdem
1005 802 1114 840 ferre
1134 799 1328 839 cinaedis.

190 868 247 907 sic
269 871 419 906 natura
439 867 575 906 iubet:
610 866 791 905 velocius
813 868 856 904 et
875 866 1000 904 citius
1020 878 1094 904 nos

191 935 469 985 corrumpunt
491 931 689 970 vitiorum
712 931 902 981 exempla
922 929 1162 976 domestica,
1186 928 1350 980 magnis

191 1011 283 1037 cum
309 997 490 1036 subeunt
510 996 670 1035 animos
691 995 944 1035 auctoribus.
1007 1008 1114 1033 unus
1134 997 1176 1033 et
1195 994 1299 1032 alter

191 1062 369 1102 forsitan
389 1061 490 1101 haec
511 1066 711 1113 spernant
733 1060 914 1108 iuvenes,
940 1060 1091 1112 quibus
1110 1062 1198 1098 arte
1218 1058 1399 1110 benigna

192 1132 233 1167 et
253 1126 422 1166 meliore
442 1126 534 1165 luto
554 1125 678 1164 finxit
698 1125 939 1177 praecordia
959 1125 1100 1172 Titan,

173 1192 261 1240 >sed
284 1192 463 1243 reliquos
484 1191 688 1242 fugienda
707 1193 877 1242 patrum
899 1190 1072 1241 vestigia
1092 1189 1256 1228 ducunt

191 1260 232 1296 et
253 1259 484 1296 monstrata
504 1256 576 1294 diu
600 1255 749 1295 veteris
769 1255 899 1294 trahit
919 1254 1055 1294 orbita
1074 1254 1235 1305 culpae,

192 1321 396 1361 abstineas
418 1321 550 1372 igitur
570 1320 833 1359 damnandis.
894 1319 1021 1358 huius
1041 1319 1153 1359 enim
1174 1319 1238 1358 vel

193 1399 277 1425 nna
297 1388 444 1438 potens
465 1385 570 1424 ratio
591 1388 666 1432 est,
692 1398 743 1424 ne
764 1385 941 1424 crimina
962 1387 1103 1423 nostra
1122 1388 1353 1435 sequantur

192 1464 241 1490 ex
263 1450 382 1490 nobis
401 1450 549 1502 geniti,
575 1450 773 1501 quoniam
794 1449 948 1488 dociles
968 1448 1185 1488 imitandis

193 1516 387 1568 turpibus
407 1528 453 1554 ac
476 1515 612 1567 pravis
633 1528 775 1554 omnes
795 1528 953 1562 sumus,
978 1516 1018 1553 et
1041 1513 1268 1553 Catilinam

194 1593 457 1632 quocumque
479 1580 522 1618 in
543 1580 700 1632 populo
721 1580 872 1627 videas,
897 1592 1162 1630 quocumque
1182 1579 1258 1618 sub
1277 1591 1366 1626 axe,

193 1645 263 1684 sed
285 1658 360 1684 nec
382 1645 540 1683 Brutus
561 1644 640 1683 erit
662 1644 785 1683 Bruti
807 1657 881 1684 nec
901 1644 1135 1683 avunculus
1154 1656 1368 1695 umquam.

194 1710 254 1748 nil
275 1709 391 1749 dictu
413 1709 587 1748 foedum
608 1709 784 1760 visuque
804 1709 905 1748 haec
925 1708 1073 1748 limina
1092 1710 1253 1760 tangat,

193 1776 305 1814 intra
326 1787 430 1826 quae
451 1777 569 1826 pater
589 1776 669 1822 est3
700 1774 860 1825 procul,
885 1787 908 1813 a
927 1774 1074 1825 procul
1096 1773 1195 1812 inde
1215 1772 1378 1825 puellae

193 1840 393 1879 lenonum
415 1842 457 1878 et
477 1841 626 1878 cantus
646 1838 935 1888 pernoctantis
954 1838 1139 1890 parasiti.

194 1903 375 1943 maxima
395 1903 572 1943 debetur
590 1916 720 1955 puero
741 1903 988 1950 reverentia,
1012 1902 1151 1954 siquid

193 1972 316 2020 turpe
337 1982 470 2020 paras,
494 1981 570 2007 nec
590 1970 639 2006 tu
659 1968 779 2020 pueri
800 1967 1099 2019 contempseris
1119 1981 1263 2015 annos,

193 2033 262 2072 sed
284 2035 507 2085 peccaturo
528 2033 662 2071 obstet
683 2032 759 2071 tibi
782 2032 894 2072 filius
914 2032 1068 2071 infans.

194 2110 290 2136 nam
312 2097 451 2149 siquid
473 2097 652 2148 dignum
673 2097 854 2136 censoris
873 2097 1022 2136 fecerit
1042 2097 1103 2136 ira

194 2162 445 2213 quandoque
465 2165 507 2200 et
528 2161 705 2200 similem
727 2162 804 2201 tibi
825 2176 866 2201 se
887 2175 970 2202 non
992 2175 1163 2213 corpore
1185 2164 1354 2200 tantum

194 2239 268 2266 1160
291 2227 409 2265 vult-u
433 2227 609 2274 dederit,
635 2240 800 2266 morum
822 2240 988 2278 quoque
1010 2227 1120 2265 filius
1139 2229 1181 2265 et
1201 2226 1273 2277 qui

193 2291 333 2330 omnia
353 2291 537 2330 deterius
558 2294 632 2330 tua
651 2304 725 2343 per
746 2292 919 2343 vestigia
939 2294 1097 2344 peccet,

192 2355 390 2407 corripies
409 2355 613 2394 nimirum
634 2359 675 2395 et
695 2356 917 2408 castigabis
936 2357 1081 2396 acerbo

192 2419 371 2460 clamore
391 2433 438 2458 ac
458 2422 552 2472 post
572 2420 672 2460 haec
692 2421 856 2461 tabulas
876 2423 1039 2460 mutare
1060 2421 1223 2472 parabis
1237 2422 1256 2459 ’.Ρ

1593 476 1643 514 25

1595 799 1646 836 30

1597 1123 1647 1161 35

1598 1448 1649 1486 40

1598 1773 1648 1811 45

1599 2097 1650 2134 50

1600 2421 1650 2459 55
