1778 2693
152 193 209 232 44
644 189 682 217 D.
719 189 845 219 IVNII
876 188 1128 217 IVVENALIS

151 290 319 342 inponit
340 290 465 329 finem
488 289 651 342 sapiens
671 292 712 329 et
733 289 855 328 rebus
875 288 1080 337 honestis3

151 369 247 395 nam
271 369 374 407 quae
395 355 517 394 docta
539 354 662 393 nimis
683 354 801 406 cupit
821 357 862 393 et
884 354 1067 393 facunda
1089 354 1235 403 videri,

150 434 269 460 crure
292 424 412 459 tenus
434 420 570 459 medio
593 419 755 458 tunicas
777 419 1016 471 succingere
1038 419 1173 467 debet,

149 487 317 525 caedere
339 484 507 524 Silvano
528 497 716 536 porcum,
744 485 975 536 quadrante
996 484 1138 524 lavari.

150 565 232 591 non
255 551 406 589 habeat
427 553 630 597 matrona,
659 549 733 588 tibi
756 564 860 601 quae
881 550 1024 589 iuncta
1045 550 1266 598 recumbit,

150 616 315 655 dicendi
338 629 484 667 genus,
510 618 583 654 aut
603 629 779 654 curvum
802 629 990 655 sermone
1010 617 1146 654 rotato

150 684 343 733 torqueat
363 680 645 732 euthymema,
671 694 745 720 1160
768 680 963 720 historias
983 680 1086 719 sciat
1105 693 1262 728 omnes,

149 746 218 784 sed
242 746 444 797 quaedam
466 759 515 784 ex
536 745 653 784 libris
673 748 715 784 et
736 759 819 785 non
843 745 1075 796 intellegat.
1135 744 1203 784 odi

149 809 256 850 hanc
277 823 353 862 ego
375 823 479 862 quae
501 810 653 862 repetit
674 811 886 862 volvitque
910 809 1170 849 Palaemonis
1190 812 1323 849 artem

149 878 308 914 servata
329 888 490 927 semper
510 875 600 926 lege
621 879 662 914 et
683 875 843 914 ratione
862 874 1063 927 loquendi

149 939 396 991 ignotosque
417 939 521 978 mihi
545 943 659 979 tenet
679 939 918 992 antiquaria
940 952 1081 979 versus

149 1017 224 1044 1166
245 1005 430 1044 curanda
451 1004 550 1044 viris
570 1004 711 1056 opicae
732 1004 908 1055 castigat
928 1004 1085 1044 amicae

149 1069 290 1108 verba:
322 1069 610 1109 soloecismum
630 1069 754 1109 liceat
774 1069 918 1109 fecisse
940 1069 1105 1108 marito.

202 1134 261 1173 nil
284 1148 368 1173 non
390 1134 600 1186 permittit
621 1135 772 1174 mulier
792 1134 885 1182 sibi,
910 1137 1033 1186 turpe
1054 1136 1177 1186 putat
1197 1134 1272 1182 nil,

148 1212 244 1238 611111
268 1199 418 1238 virides
439 1212 623 1250 gemmas
643 1199 749 1239 60110
770 1198 1049 1238 circumdedit
1069 1201 1111 1238 et
1131 1212 1228 1238 cum

148 1264 318 1303 auribus
339 1264 519 1303 extentis
539 1278 713 1315 magnos
732 1263 943 1303 commisit
965 1263 1177 1312 elenchos3

149 1328 453 1368 intolerabilius
475 1328 580 1367 nihil
601 1332 662 1368 est
683 1342 808 1380 quam
828 1329 988 1367 femina
1009 1328 1137 1368 dives.

149 1393 306 1433 interea
326 1394 447 1432 foeda
467 1396 638 1445 aspectu
660 1394 916 1445 ridendaque
938 1393 1072 1433 multo

149 1471 254 1510 pane
275 1461 414 1497 tumet
434 1458 560 1497 facies
580 1462 653 1498 aut
674 1458 850 1511 pinguia
875 1459 1125 1510 Poppaeana

148 1523 292 1575 spirat,
316 1526 358 1563 et
379 1523 477 1563 111110
501 1524 638 1562 miseri
663 1524 877 1563 viscantur
897 1523 1011 1562 labra
1031 1523 1193 1563 mariti:

147 1588 195 1627 ad
222 1588 443 1628 moechum
465 1589 550 1628 lota
570 1588 747 1628 veniunt
766 1590 873 1628 cute.
937 1588 1105 1639 quando
1125 1587 1257 1627 videri

148 1653 240 1692 vult
259 1654 472 1693 formonsa
492 1654 606 1693 domi
621 1655 639 1692 ⁴?
695 1653 877 1693 moechis
897 1653 1044 1692 foliata
1065 1656 1280 1705 parantur,

147 1719 212 1758 his
232 1719 399 1765 emitur,
425 1719 632 1770 quidquid
654 1718 828 1769 graciles
848 1718 930 1757 huc
951 1717 1121 1757 mittitis
1142 1718 1254 1757 Indi.

147 1783 318 1822 tandem
339 1783 474 1834 aperit
495 1783 663 1821 vultum
684 1785 725 1821 et
746 1782 923 1822 tectoria
942 1782 1080 1834 prima
1100 1781 1282 1835 reponit,

147 1847 298 1900 incipit
317 1847 499 1899 agnosci,
524 1850 650 1899 atque
670 1847 742 1886 illo
763 1847 868 1886 lacte
890 1847 1057 1886 fovetur

147 1917 319 1965 propter
340 1913 451 1964 quod
473 1926 611 1952 secum
634 1912 807 1952 comites
828 1912 969 1951 educit
989 1912 1133 1951 asellas

147 1978 241 2017 exul
267 1978 585 2030 Hyperboreum
606 1978 638 2017 si
661 1977 901 2016 dimittatur
923 1977 974 2016 ad
995 1990 1128 2016 axem„

148 2043 217 2082 sed
239 2056 344 2094 quae
365 2043 539 2082 mutatis
559 2042 780 2082 inducitur
799 2045 923 2093 atque
944 2042 1112 2082 fovetur

148 2111 211 2147 tot
231 2107 579 2147 medicaminibus
599 2110 819 2159 coctaeque
841 2106 1019 2158 siliginis
1039 2107 1141 2146 offas

148 2172 300 2224 accipit
320 2176 361 2212 61
381 2173 586 2221 madidae,
610 2173 735 2212 facies
756 2172 920 2211 dicetur
940 2185 992 2210 an
1014 2171 1133 2210 ulcus
1147 2173 1166 2210 i>

201 2240 263 2276 est
283 2239 465 2289 pretium
487 2252 610 2277 curae
631 2237 800 2289 penitus
821 2249 1066 2288 cognoscere
1087 2238 1176 2276 toto

149 2302 250 2353 quid
274 2303 430 2342 faciant
450 2303 693 2355 agitentque
715 2302 794 2342 die.
857 2301 890 2341 si
912 2304 1034 2341 110616
1054 2301 1231 2341 maritus

147 2380 312 2406 aversus
333 2367 474 2415 iacuit,
498 2368 625 2419 periit
644 2367 826 2414 libraria,
850 2369 1017 2418 ponunt

148 2435 351 2471 cosmetae
371 2432 549 2479 tunicas,
574 2432 690 2471 tarde
711 2431 869 2471 venisse
891 2431 1104 2470 Liburnus

147 2496 304 2536 dicitur
322 2499 364 2536 et
384 2509 536 2549 poenas
556 2486 681 2536 alieni
703 2496 882 2549 pendere
902 2495 1037 2535 somni

1529 357 1607 395 445

1529 682 1608 720 450

1528 1006 1605 1044 455

1526 1331 1604 1369 460

1525 1656 1604 1694 465

1525 1980 1603 2020 470

1523 2303 1602 2344 4¹75
