1778 2693
716 131 892 160 SATVRA
924 131 995 160 XII

126 228 197 269 ille
216 242 292 269 nec
311 233 533 282 argentum
557 231 779 271 dubitabat
801 232 983 279 mittere,
1008 232 1146 273 lances

127 294 353 334 Parthenio
374 296 519 343 factas,
545 309 674 336 urnae
695 300 855 336 cratera
876 311 1067 349 capacem

123 364 165 399 et
186 360 363 412 dignuin
387 361 555 401 sitiente
578 362 709 401 Pholo
732 363 794 402 vel
816 363 994 414 coniuge
1016 363 1161 412 Fusci3

123 425 229 465 addc
251 428 293 465 et
313 426 538 466 bascaudas
558 430 600 466 et
621 427 737 466 1111116
759 428 927 474 escaria,
954 429 1139 467 multum

122 490 283 538 caelati,
309 491 469 530 biberat
490 505 573 543 quo
594 493 772 531 callidus
792 496 957 545 emptor
979 493 1170 545 Olynthi.

121 556 190 595 sed
214 556 307 608 quis
328 570 442 596 1111110
462 557 583 603 alius,
610 571 691 609 qua
712 558 862 596 mundi
884 562 1001 610 parte
1024 558 1117 610 quis
1137 559 1265 599 audet

119 625 294 673 argento
313 623 524 673 praeferre
546 628 674 674 caput
695 623 902 674 rebusque
924 624 1101 663 salutem
1116 625 1134 662 ⁴?

120 699 205 726 non
227 690 398 739 propter
420 687 549 726 vitam
570 688 736 727 faciunt
757 688 1012 740 patrimonia
1034 689 1222 740 quidam,

120 751 190 791 sed
213 752 317 791 vitio
337 753 445 792 caeci
468 756 639 805 propter
660 753 915 805 patrimonia
938 754 1102 793 vivunt.

119 815 302 856 iactatur
322 830 462 856 rerum
485 818 655 857 utilium
679 832 773 869 pars
795 820 989 866 maxima,
1015 820 1083 859 sed
1107 833 1182 859 nec

119 881 273 921 damna
292 882 445 922 levant.
508 886 611 922 tunc
632 883 814 923 adversis
836 884 1117 935 urguentibus
1137 885 1239 925 111110

118 947 291 987 reccidit
312 950 360 987 ut
380 948 539 986 malum
561 948 673 988 ferro
694 949 994 997 summitteret,
1019 963 1066 989 ac
1087 963 1127 989 se

117 1012 299 1064 explicat
318 1016 568 1064 angustum:
600 1013 855 1053 discriminis
877 1015 1042 1062 ultima,
1069 1016 1238 1066 quando

116 1077 324 1130 praesidia
343 1078 575 1118 adferimus
596 1092 743 1118 navem
764 1080 930 1119 factura
950 1080 1172 1120 minorem.

117 1142 129 1181 i
151 1156 266 1182 nunc
287 1146 329 1183 et
349 1143 484 1183 ventis
504 1144 688 1183 animam
710 1145 929 1185 committe
952 1145 1092 1185 dolato

116 1209 296 1248 confisus
316 1208 446 1261 ligno,
470 1208 615 1261 digitis
635 1223 658 1248 a
678 1212 812 1250 morte
833 1214 1019 1250 remotus

117 1276 319 1325 quattuor
338 1276 414 1313 aut
434 1277 608 1326 septem,
634 1274 666 1313 si
688 1274 741 1314 sit
762 1275 978 1322 latissima,
1003 1276 1166 1326 taeclae3

115 1351 212 1378 mox
233 1352 330 1377 cum
351 1339 539 1378 reticulis
559 1341 601 1378 et
621 1352 728 1391 pane
748 1343 790 1379 et
813 1344 955 1380 ventre
976 1340 1150 1392 lagonae

114 1403 251 1455 aspice
272 1404 495 1443 sumendas
516 1404 559 1443 in
581 1407 829 1456 tempestate
851 1418 1024 1444 secures.

115 1469 184 1508 sed
206 1471 429 1521 postquam
452 1468 582 1508 iacuit
603 1469 779 1521 planum
801 1483 927 1517 mare,
952 1473 1142 1522 tempora
1162 1475 1384 1524 postquam

114 1546 311 1585 prospera
331 1533 507 1573 vectoris
527 1534 750 1586 fatumque
771 1534 980 1574 valentius
1001 1548 1101 1575 euro

113 1601 155 1638 et
175 1599 337 1651 pelago,
362 1602 584 1651 postquam
607 1599 759 1639 Parcae
781 1600 952 1640 meliora
973 1600 1154 1652 benigna

113 1677 242 1716 pensa
261 1678 389 1704 manu
411 1665 577 1704 ducunt
598 1664 750 1705 hilares
771 1668 813 1705 et
834 1665 1026 1706 staminis
1045 1666 1128 1706 albi

112 1728 317 1777 lanificae,
341 1729 506 1769 modica
525 1743 602 1769 nec
622 1731 809 1769 multum
829 1731 982 1770 fortior
1001 1744 1103 1771 aura

112 1797 265 1834 ventus
284 1795 416 1842 adest,
441 1794 557 1847 inopi
578 1796 825 1835 miserabilis
849 1799 938 1836 arte
959 1797 1148 1837 cucurrit

112 1860 298 1900 vestibus
317 1860 498 1900 extentis
517 1863 572 1908 et,
598 1862 710 1913 quod
732 1865 1000 1913 superaverat
1020 1875 1170 1911 unum,

112 1925 203 1965 velo
223 1938 346 1978 prora
365 1939 454 1966 suo.
515 1926 597 1966 iam
618 1927 911 1967 deficientibus
931 1927 1084 1967 austris

111 2003 203 2043 spes
224 1990 333 2030 vitae
354 2004 450 2031 cum
473 1991 556 2031 sole
576 1991 700 2031 redit.
760 1994 864 2031 tunc
884 1995 1031 2044 gratus
1052 1992 1147 2033 Iulo

111 2058 238 2107 atque
258 2056 467 2096 novercali
490 2057 605 2096 sedes
625 2057 808 2109 praelata
832 2057 992 2097 Lavino

111 2120 370 2172 conspicitur
390 2121 582 2160 sublimis
602 2135 722 2174 apex,
747 2122 814 2161 cui
837 2122 1017 2162 candida
1038 2135 1191 2163 nomen

111 2186 246 2225 scrofa
266 2186 397 2233 dedit,
422 2186 542 2226 laetis
564 2187 802 2239 Phrygibus
823 2187 1059 2227 miserabile
1080 2201 1243 2237 sumen,

110 2253 152 2291 et
172 2264 407 2303 numquam
428 2252 526 2291 visis
547 2252 725 2304 triginta
745 2253 856 2292 clara
875 2252 1088 2293 mamillis.

110 2317 282 2356 tandem
303 2316 436 2357 intrat
455 2317 610 2370 positas
631 2318 793 2358 inclusa
815 2332 887 2371 per
907 2332 1086 2371 aequora
1107 2319 1236 2360 moles

111 2381 459 2435 Tyrrhenamque
479 2383 642 2435 pharon
662 2386 937 2436 porrectaque
959 2384 1152 2425 bracchia
1173 2398 1343 2426 rursum

111 2459 218 2499 quae
237 2447 385 2500 pelago
405 2451 636 2488 occurrunt
655 2449 794 2489 medio
814 2449 1023 2502 longeque
1045 2450 1298 2502 relinquunt

1537 369 1587 407 45

1536 695 1586 731 {30

1532 1021 1582 1058 55

1531 1346 1580 1383 60

1527 1999 1576 2038 70
