1778 2693
769 120 947 150 SATVRA
978 120 1028 150 VI
1571 126 1620 167 33

158 221 193 261 si
213 221 359 262 iubeat
380 221 583 269 coniunx,
608 221 766 261 durum
787 225 851 261 est
872 222 1157 263 conscendere
1184 236 1350 271 navem,

159 288 264 327 tunc
286 287 455 326 sentina
475 286 629 339 gravis,
655 290 760 326 tunc
782 300 973 327 summus
995 287 1180 327 vertitur
1201 301 1271 328 aer
1294 302 1301 327 :

159 365 266 404 quae
287 352 513 392 moechum
535 351 744 404 sequitur,
769 352 989 392 stomacho
1012 352 1137 392 valet.
1199 353 1273 392 illa
1293 352 1498 392 maritum
1547 355 1624 393 100

158 417 390 465 convomit,
415 417 518 457 haec
542 417 654 456 inter
675 424 829 457 nautas
851 420 893 457 et
914 418 1097 470 prandet
1119 423 1161 457 et
1183 421 1297 458 errat

157 496 233 535 per
252 496 441 535 puppem
463 489 505 522 et
527 483 656 522 duros
677 483 836 534 gaudet
854 487 1038 523 tractare
1060 483 1269 523 rudentis.

158 561 242 599 qua
264 552 407 587 tamen
429 548 586 587 exarsit
608 548 760 595 fornia,
787 561 870 600 qua
892 552 1017 601 capta
1038 548 1214 588 iuventa

159 612 298 665 Eppia
321 613 338 652 Ρ
394 613 498 665 quid
522 612 629 652 vidit
651 615 828 665 propter
851 613 965 665 quod
987 613 1106 653 ludia
1127 613 1211 652 (lici

158 678 366 718 sustinuit
387 678 404 717 Ρ
460 692 559 717 nam
582 678 798 730 Sergiolus
820 678 903 717 iam
926 678 1072 718 radere
1093 681 1249 730 guttur
1397 712 1399 714 ,
1549 678 1626 717 105

158 746 355 795 coeperat
377 747 419 782 et
441 748 556 782 secto
579 742 769 795 requiem
791 756 958 794 sperare
979 743 1139 782 lacerto
1159 757 1169 792 3
1210 772 1216 777 .

157 811 378 860 praeterea
400 808 537 847 multa
559 808 603 846 iu
626 807 736 847 facie
759 808 984 855 deformia,
1011 808 1123 847 sicut

158 873 334 912 attritus
355 874 475 925 galea
497 873 733 925 mediisque
754 872 798 911 in
821 872 994 912 naribus
1016 873 1168 925 ingens

157 938 312 991 gibbus
333 942 375 978 et
396 952 490 978 acre
512 938 672 977 malum
695 951 860 990 semper
881 938 1086 977 stillantis
1108 938 1245 978 ocelli.

158 1004 231 1043 sed
251 1004 465 1057 gladiator
486 1007 576 1043 erat
597 1017 604 1042 :
640 1003 746 1043 facit
767 1003 848 1043 hoc
870 1003 965 1043 illos
988 1003 1273 1054 Hyacinthos,
1551 1005 1627 1041 110

157 1068 238 1109 hoe
259 1069 402 1122 pueris
423 1069 686 1121 patriaeque,
711 1068 791 1108 hoe
814 1068 1020 1121 praetulit
1042 1069 1115 1108 illa
1136 1069 1269 1108 sorori

158 1138 287 1188 atque
308 1135 414 1175 viro.
473 1135 634 1174 ferrum
659 1137 723 1174 est
745 1135 860 1187 quod
882 1138 1042 1174 amant.
1104 1134 1174 1174 hic
1198 1133 1371 1186 Sergius
1391 1134 1505 1173 idem

158 1203 334 1253 accepta
354 1200 460 1240 rude
482 1200 690 1252 coepisset
711 1199 896 1239 Veiento
917 1199 1066 1240 videri.

212 1265 317 1318 quid
337 1265 505 1318 privata
526 1265 692 1313 domus,
718 1265 823 1318 quid
844 1265 998 1304 fecerit
1020 1265 1174 1318 Eppia,
1200 1278 1322 1305 curas
1342 1264 1360 1305 ?

158 1330 320 1383 respice
341 1331 493 1370 rivales
514 1330 726 1378 divorum,
754 1330 960 1370 Claudius
981 1330 1082 1370 audi
1551 1330 1627 1369 115

159 1409 266 1449 quae
288 1396 450 1435 tulerit.
514 1396 699 1435 dormire
720 1395 861 1435 virum
884 1409 982 1435 eum
1004 1398 1195 1435 senserat
1216 1408 1338 1444 uxor,

159 1475 261 1501 ausa
283 1461 480 1501 Palatino
501 1464 689 1513 tegetem
711 1461 926 1513 praeferre
949 1461 1095 1509 cubili,

160 1539 325 1566 sumere
342 1530 579 1566 nocturnos
599 1525 803 1565 meretrix
827 1526 1026 1577 Augusta
1043 1526 1234 1566 cucullos

159 1592 382 1645 linquebat
403 1592 559 1631 comite
580 1591 736 1631 ancilla
756 1604 843 1630 non
865 1591 1049 1643 amplius
1071 1604 1157 1631 una

160 1661 203 1697 et
223 1657 397 1710 nigrum
419 1657 526 1696 flavo
548 1657 710 1696 crinem
731 1656 1022 1696 abscondente
1043 1656 1197 1708 galero.
1553 1658 1630 1697 120

161 1722 340 1762 intravit
357 1722 546 1762 calidum
566 1722 700 1762 veteri
723 1725 905 1762 centone
926 1721 1109 1773 lupanar

161 1792 204 1828 et
225 1787 375 1828 cellam
396 1800 575 1828 vacuam
597 1790 726 1839 atque
748 1800 883 1834 suam,
908 1790 1014 1826 tunc
1037 1787 1154 1827 nuda
1174 1787 1346 1840 papillis

160 1852 354 1906 prostitit
375 1853 535 1893 auratis
557 1852 738 1892 titulum
759 1851 943 1891 mentita
965 1851 1166 1904 Lyciscae

161 1918 436 1971 ostenditque
458 1921 598 1965 tuum,
622 1931 824 1970 generose
848 1916 1110 1965 Britannice,
1136 1920 1359 1968 ventrem3

162 1983 330 2036 excepit
351 1983 508 2022 blanda
528 1983 731 2022 intrantis
753 1986 882 2034 atque
904 1995 1000 2021 aera
1021 1982 1230 2034 poposcit.
1554 1984 1630 2021 125

167 2047 236 2100 [ac
258 2048 459 2100 resupina
479 2048 620 2087 iacens
642 2048 879 2087 multorum
901 2047 1123 2087 absorbuit
1144 2046 1276 2100 ictus]

163 2127 261 2153 mox
280 2113 434 2152 lenone
456 2127 552 2152 suas
574 2113 657 2152 iam
680 2112 928 2152 dimittente
950 2112 1114 2164 puellas

163 2178 300 2218 tristis
321 2178 424 2225 abit,
450 2181 492 2218 et
514 2178 628 2230 quod
649 2178 794 2230 potuit
816 2182 959 2216 tamen
984 2177 1137 2216 ultima
1158 2177 1309 2217 cellam

164 2243 333 2290 clausit,
358 2243 499 2283 adhuc
521 2243 674 2283 ardens
696 2243 858 2295 rigidae
882 2242 1094 2294 tentigine
1117 2242 1279 2290 volvae,

165 2313 207 2349 et
227 2309 383 2348 lassata
404 2309 504 2348 viris
525 2309 711 2348 necdum
733 2309 887 2348 satiata
908 2307 1098 2356 recessit,
1555 2308 1632 2346 130

165 2374 440 2427 obscurisque
462 2374 582 2426 genis
603 2374 743 2426 turpis
765 2374 971 2425 fumoque
992 2373 1193 2412 lucernae

165 2439 292 2479 foeda
310 2439 532 2491 lupanaris
553 2439 657 2478 tulit
677 2438 731 2478 ad
752 2437 952 2492 pulvinar
973 2437 1160 2478 odorem.

383 2517 404 2549 3
