<?xml version="1.0" encoding="UTF-8"?>
<!DOCTYPE html PUBLIC "-//W3C//DTD XHTML 1.0 Transitional//EN"
    "http://www.w3.org/TR/xhtml1/DTD/xhtml1-transitional.dtd">
<html xmlns="http://www.w3.org/1999/xhtml" xml:lang="en" lang="en">
 <head>
  <title>
</title>
<meta http-equiv="Content-Type" content="text/html;charset=utf-8" />
  <meta name='ocr-system' content='tesseract 3.04.00' />
  <meta name='ocr-capabilities' content='ocr_page ocr_carea ocr_par ocr_line ocrx_word'/>
</head>
<body>
  <div class='ocr_page' id='page_1' title='image "./saturarumlibriv00juveuoft_0145.png"; bbox 0 0 1778 2693; ppageno 0'>
   <div class='ocr_carea' id='block_1_1' title="bbox 694 117 992 147">
    <p class='ocr_par' dir='ltr' id='par_1_1' title="bbox 694 117 992 147">
     <span class='ocr_line' id='line_1_1' title="bbox 694 117 992 147; baseline -0.003 -1"><span class='ocrx_word' id='word_1_1' title='bbox 694 118 870 147; x_wconf 74' lang='lat' dir='ltr'><strong>SATVRA</strong></span> <span class='ocrx_word' id='word_1_2' title='bbox 901 117 992 146; x_wconf 81' lang='lat' dir='ltr'><strong>VIII</strong></span> 
     </span>
    </p>
   </div>
   <div class='ocr_carea' id='block_1_2' title="bbox 105 217 1373 2490">
    <p class='ocr_par' dir='ltr' id='par_1_2' title="bbox 108 217 1104 272">
     <span class='ocr_line' id='line_1_2' title="bbox 108 217 1104 272; baseline -0.001 -14"><span class='ocrx_word' id='word_1_3' title='bbox 108 218 282 272; x_wconf 86' lang='lat' dir='ltr'>indulge</span> <span class='ocrx_word' id='word_1_4' title='bbox 303 219 470 259; x_wconf 80' lang='lat' dir='ltr'>veniam</span> <span class='ocrx_word' id='word_1_5' title='bbox 490 217 651 271; x_wconf 89' lang='lat' dir='ltr'>pueris:</span> <span class='ocrx_word' id='word_1_6' title='bbox 684 218 918 259; x_wconf 89' lang='lat' dir='ltr'>Lateranus</span> <span class='ocrx_word' id='word_1_7' title='bbox 937 218 988 258; x_wconf 86' lang='lat' dir='ltr'>ad</span> <span class='ocrx_word' id='word_1_8' title='bbox 1012 218 1104 258; x_wconf 86' lang='lat' dir='ltr'>illos</span> 
     </span>
    </p>

    <p class='ocr_par' dir='ltr' id='par_1_3' title="bbox 107 282 1134 336">
     <span class='ocr_line' id='line_1_3' title="bbox 107 282 1134 336; baseline -0.001 -13"><span class='ocrx_word' id='word_1_9' title='bbox 107 283 369 330; x_wconf 76' lang='lat' dir='ltr'>thermarum</span> <span class='ocrx_word' id='word_1_10' title='bbox 390 283 537 324; x_wconf 82' lang='lat' dir='ltr'>calices</span> <span class='ocrx_word' id='word_1_11' title='bbox 558 282 845 336; x_wconf 80' lang='lat' dir='ltr'>inscriptaque</span> <span class='ocrx_word' id='word_1_12' title='bbox 867 283 998 324; x_wconf 86' lang='lat' dir='ltr'>lintea</span> <span class='ocrx_word' id='word_1_13' title='bbox 1019 283 1134 323; x_wconf 89' lang='lat' dir='ltr'>vadit</span> 
     </span>
    </p>

    <p class='ocr_par' dir='ltr' id='par_1_4' title="bbox 107 348 1115 401">
     <span class='ocr_line' id='line_1_4' title="bbox 107 348 1115 401; baseline -0.001 -12"><span class='ocrx_word' id='word_1_14' title='bbox 107 352 299 389; x_wconf 89' lang='lat' dir='ltr'>maturus</span> <span class='ocrx_word' id='word_1_15' title='bbox 320 349 429 389; x_wconf 91' lang='lat' dir='ltr'>bello</span> <span class='ocrx_word' id='word_1_16' title='bbox 450 348 675 388; x_wconf 84' lang='lat' dir='ltr'>Armeniae</span> <span class='ocrx_word' id='word_1_17' title='bbox 697 348 922 401; x_wconf 68' lang='lat' dir='ltr'>Syriaeque</span> <span class='ocrx_word' id='word_1_18' title='bbox 945 348 1115 388; x_wconf 88' lang='lat' dir='ltr'>tuendis</span> 
     </span>
    </p>

    <p class='ocr_par' dir='ltr' id='par_1_5' title="bbox 106 413 1373 466">
     <span class='ocr_line' id='line_1_5' title="bbox 106 413 1373 466; baseline -0.001 -12"><span class='ocrx_word' id='word_1_19' title='bbox 106 413 301 454; x_wconf 88' lang='lat' dir='ltr'>amnibus</span> <span class='ocrx_word' id='word_1_20' title='bbox 321 417 363 454; x_wconf 87' lang='lat' dir='ltr'>et</span> <span class='ocrx_word' id='word_1_21' title='bbox 384 414 533 453; x_wconf 88' lang='lat' dir='ltr'>Rheno</span> <span class='ocrx_word' id='word_1_22' title='bbox 554 416 680 465; x_wconf 89' lang='lat' dir='ltr'>atque</span> <span class='ocrx_word' id='word_1_23' title='bbox 704 413 865 453; x_wconf 86' lang='lat' dir='ltr'>Histro.</span> <span class='ocrx_word' id='word_1_24' title='bbox 927 416 1137 466; x_wconf 86' lang='lat' dir='ltr'>praestare</span> <span class='ocrx_word' id='word_1_25' title='bbox 1159 413 1373 453; x_wconf 83' lang='lat' dir='ltr'>Neronem</span> 
     </span>
    </p>

    <p class='ocr_par' dir='ltr' id='par_1_6' title="bbox 107 478 1225 527">
     <span class='ocr_line' id='line_1_6' title="bbox 107 478 1225 527; baseline -0.002 -8"><span class='ocrx_word' id='word_1_26' title='bbox 107 492 298 520; x_wconf 91' lang='lat' dir='ltr'>securum</span> <span class='ocrx_word' id='word_1_27' title='bbox 322 479 431 519; x_wconf 88' lang='lat' dir='ltr'>valet</span> <span class='ocrx_word' id='word_1_28' title='bbox 450 479 552 518; x_wconf 84' lang='lat' dir='ltr'>haec</span> <span class='ocrx_word' id='word_1_29' title='bbox 573 482 698 518; x_wconf 88' lang='lat' dir='ltr'>aetas.</span> <span class='ocrx_word' id='word_1_30' title='bbox 760 479 882 519; x_wconf 89' lang='lat' dir='ltr'>mitte</span> <span class='ocrx_word' id='word_1_31' title='bbox 906 478 1037 527; x_wconf 90' lang='lat' dir='ltr'>Ostia,</span> <span class='ocrx_word' id='word_1_32' title='bbox 1064 479 1225 527; x_wconf 86' lang='lat' dir='ltr'>Caesar,</span> 
     </span>
    </p>

    <p class='ocr_par' dir='ltr' id='par_1_7' title="bbox 107 544 1156 597">
     <span class='ocr_line' id='line_1_7' title="bbox 107 544 1156 597; baseline -0.001 -13"><span class='ocrx_word' id='word_1_33' title='bbox 107 544 244 593; x_wconf 91' lang='lat' dir='ltr'>mitte,</span> <span class='ocrx_word' id='word_1_34' title='bbox 268 545 337 585; x_wconf 90' lang='lat' dir='ltr'>sed</span> <span class='ocrx_word' id='word_1_35' title='bbox 360 545 404 584; x_wconf 89' lang='lat' dir='ltr'>in</span> <span class='ocrx_word' id='word_1_36' title='bbox 425 557 578 597; x_wconf 86' lang='lat' dir='ltr'>magna</span> <span class='ocrx_word' id='word_1_37' title='bbox 597 544 785 596; x_wconf 88' lang='lat' dir='ltr'>legatum</span> <span class='ocrx_word' id='word_1_38' title='bbox 807 557 958 596; x_wconf 87' lang='lat' dir='ltr'>quaere</span> <span class='ocrx_word' id='word_1_39' title='bbox 979 544 1156 597; x_wconf 83' lang='lat' dir='ltr'>popina3</span> 
     </span>
    </p>

    <p class='ocr_par' dir='ltr' id='par_1_8' title="bbox 106 609 1086 663">
     <span class='ocr_line' id='line_1_8' title="bbox 106 609 1086 663; baseline -0.001 -13"><span class='ocrx_word' id='word_1_40' title='bbox 106 609 293 650; x_wconf 83' lang='lat' dir='ltr'>invenies</span> <span class='ocrx_word' id='word_1_41' title='bbox 313 611 454 663; x_wconf 88' lang='lat' dir='ltr'>aliquo</span> <span class='ocrx_word' id='word_1_42' title='bbox 475 623 572 650; x_wconf 90' lang='lat' dir='ltr'>cum</span> <span class='ocrx_word' id='word_1_43' title='bbox 593 623 835 662; x_wconf 85' lang='lat' dir='ltr'>percussore</span> <span class='ocrx_word' id='word_1_44' title='bbox 864 610 1086 658; x_wconf 84' lang='lat' dir='ltr'>iacentem,</span> 
     </span>
    </p>

    <p class='ocr_par' dir='ltr' id='par_1_9' title="bbox 106 675 1076 727">
     <span class='ocr_line' id='line_1_9' title="bbox 106 675 1076 727; baseline -0.001 -12"><span class='ocrx_word' id='word_1_45' title='bbox 106 675 365 727; x_wconf 77' lang='lat' dir='ltr'>permixtum</span> <span class='ocrx_word' id='word_1_46' title='bbox 387 675 529 715; x_wconf 90' lang='lat' dir='ltr'>nautis</span> <span class='ocrx_word' id='word_1_47' title='bbox 548 678 590 715; x_wconf 92' lang='lat' dir='ltr'>et</span> <span class='ocrx_word' id='word_1_48' title='bbox 609 675 778 715; x_wconf 75' lang='lat' dir='ltr'>furibus</span> <span class='ocrx_word' id='word_1_49' title='bbox 799 688 846 714; x_wconf 89' lang='lat' dir='ltr'>ac</span> <span class='ocrx_word' id='word_1_50' title='bbox 867 675 1076 727; x_wconf 86' lang='lat' dir='ltr'>fugitivis,</span> 
     </span>
    </p>

    <p class='ocr_par' dir='ltr' id='par_1_10' title="bbox 106 740 1009 793">
     <span class='ocr_line' id='line_1_10' title="bbox 106 740 1009 793; baseline -0.001 -13"><span class='ocrx_word' id='word_1_51' title='bbox 106 740 219 780; x_wconf 90' lang='lat' dir='ltr'>inter</span> <span class='ocrx_word' id='word_1_52' title='bbox 238 741 451 781; x_wconf 84' lang='lat' dir='ltr'>carnifices</span> <span class='ocrx_word' id='word_1_53' title='bbox 472 744 514 780; x_wconf 90' lang='lat' dir='ltr'>et</span> <span class='ocrx_word' id='word_1_54' title='bbox 534 741 673 780; x_wconf 84' lang='lat' dir='ltr'>fabros</span> <span class='ocrx_word' id='word_1_55' title='bbox 693 740 1009 793; x_wconf 84' lang='lat' dir='ltr'>sandapilarum</span> 
     </span>
    </p>

    <p class='ocr_par' dir='ltr' id='par_1_11' title="bbox 105 806 980 859">
     <span class='ocr_line' id='line_1_11' title="bbox 105 806 980 859; baseline 0 -13"><span class='ocrx_word' id='word_1_56' title='bbox 105 809 148 846; x_wconf 90' lang='lat' dir='ltr'>et</span> <span class='ocrx_word' id='word_1_57' title='bbox 169 807 400 859; x_wconf 84' lang='lat' dir='ltr'>resupinati</span> <span class='ocrx_word' id='word_1_58' title='bbox 421 806 624 846; x_wconf 84' lang='lat' dir='ltr'>cessantia</span> <span class='ocrx_word' id='word_1_59' title='bbox 645 809 847 858; x_wconf 76' lang='lat' dir='ltr'>tympana</span> <span class='ocrx_word' id='word_1_60' title='bbox 867 806 980 857; x_wconf 88' lang='lat' dir='ltr'>galli.</span> 
     </span>
    </p>

    <p class='ocr_par' dir='ltr' id='par_1_12' title="bbox 105 871 1132 924">
     <span class='ocr_line' id='line_1_12' title="bbox 105 871 1132 924; baseline 0 -13"><span class='ocrx_word' id='word_1_61' title='bbox 105 884 238 924; x_wconf 87' lang='lat' dir='ltr'>aequa</span> <span class='ocrx_word' id='word_1_62' title='bbox 258 872 315 912; x_wconf 93' lang='lat' dir='ltr'>ibi</span> <span class='ocrx_word' id='word_1_63' title='bbox 337 872 522 919; x_wconf 84' lang='lat' dir='ltr'>libertas,</span> <span class='ocrx_word' id='word_1_64' title='bbox 546 871 789 911; x_wconf 88' lang='lat' dir='ltr'>communia</span> <span class='ocrx_word' id='word_1_65' title='bbox 809 871 974 923; x_wconf 85' lang='lat' dir='ltr'>pocula,</span> <span class='ocrx_word' id='word_1_66' title='bbox 997 871 1132 911; x_wconf 92' lang='lat' dir='ltr'>lectus</span> 
     </span>
    </p>

    <p class='ocr_par' dir='ltr' id='par_1_13' title="bbox 106 935 1153 989">
     <span class='ocr_line' id='line_1_13' title="bbox 106 935 1153 989; baseline -0.001 -13"><span class='ocrx_word' id='word_1_67' title='bbox 106 950 191 976; x_wconf 90' lang='lat' dir='ltr'>non</span> <span class='ocrx_word' id='word_1_68' title='bbox 212 937 320 977; x_wconf 89' lang='lat' dir='ltr'>alius</span> <span class='ocrx_word' id='word_1_69' title='bbox 340 937 552 989; x_wconf 83' lang='lat' dir='ltr'>cuiquam,</span> <span class='ocrx_word' id='word_1_70' title='bbox 577 950 653 976; x_wconf 87' lang='lat' dir='ltr'>nec</span> <span class='ocrx_word' id='word_1_71' title='bbox 676 949 818 976; x_wconf 86' lang='lat' dir='ltr'>mensa</span> <span class='ocrx_word' id='word_1_72' title='bbox 840 935 1039 976; x_wconf 79' lang='lat' dir='ltr'>remotior</span> <span class='ocrx_word' id='word_1_73' title='bbox 1061 936 1153 975; x_wconf 91' lang='lat' dir='ltr'>ulli.</span> 
     </span>
    </p>

    <p class='ocr_par' dir='ltr' id='par_1_14' title="bbox 107 1001 1158 1054">
     <span class='ocr_line' id='line_1_14' title="bbox 107 1001 1158 1054; baseline -0.002 -12"><span class='ocrx_word' id='word_1_74' title='bbox 107 1002 209 1054; x_wconf 87' lang='lat' dir='ltr'>quid</span> <span class='ocrx_word' id='word_1_75' title='bbox 231 1002 359 1042; x_wconf 81' lang='lat' dir='ltr'>facias</span> <span class='ocrx_word' id='word_1_76' title='bbox 378 1002 506 1041; x_wconf 89' lang='lat' dir='ltr'>talem</span> <span class='ocrx_word' id='word_1_77' title='bbox 527 1001 715 1049; x_wconf 84' lang='lat' dir='ltr'>sortitus,</span> <span class='ocrx_word' id='word_1_78' title='bbox 742 1001 932 1049; x_wconf 76' lang='lat' dir='ltr'>Pontice,</span> <span class='ocrx_word' id='word_1_79' title='bbox 957 1014 1124 1040; x_wconf 83' lang='lat' dir='ltr'>servum</span> <span class='ocrx_word' id='word_1_80' title='bbox 1139 1003 1158 1040; x_wconf 85' lang='lat'>‘?</span> 
     </span>
    </p>

    <p class='ocr_par' dir='ltr' id='par_1_15' title="bbox 105 1066 1196 1120">
     <span class='ocr_line' id='line_1_15' title="bbox 105 1066 1196 1120; baseline -0.002 -13"><span class='ocrx_word' id='word_1_81' title='bbox 105 1081 256 1120; x_wconf 87' lang='lat' dir='ltr'>nempe</span> <span class='ocrx_word' id='word_1_82' title='bbox 277 1067 321 1106; x_wconf 91' lang='lat' dir='ltr'>in</span> <span class='ocrx_word' id='word_1_83' title='bbox 343 1067 534 1107; x_wconf 90' lang='lat' dir='ltr'>Lucanos</span> <span class='ocrx_word' id='word_1_84' title='bbox 554 1069 628 1106; x_wconf 89' lang='lat' dir='ltr'>aut</span> <span class='ocrx_word' id='word_1_85' title='bbox 649 1067 786 1106; x_wconf 86' lang='lat' dir='ltr'>Tusca</span> <span class='ocrx_word' id='word_1_86' title='bbox 805 1066 1017 1118; x_wconf 86' lang='lat' dir='ltr'>ergastula</span> <span class='ocrx_word' id='word_1_87' title='bbox 1037 1066 1196 1106; x_wconf 89' lang='lat' dir='ltr'>mittas.</span> 
     </span>
    </p>

    <p class='ocr_par' dir='ltr' id='par_1_16' title="bbox 105 1131 1146 1184">
     <span class='ocr_line' id='line_1_16' title="bbox 105 1131 1146 1184; baseline -0.001 -12"><span class='ocrx_word' id='word_1_88' title='bbox 105 1137 150 1172; x_wconf 88' lang='lat' dir='ltr'>at</span> <span class='ocrx_word' id='word_1_89' title='bbox 171 1145 254 1180; x_wconf 88' lang='lat' dir='ltr'>vos,</span> <span class='ocrx_word' id='word_1_90' title='bbox 279 1132 558 1184; x_wconf 86' lang='lat' dir='ltr'>Troiugenae,</span> <span class='ocrx_word' id='word_1_91' title='bbox 584 1131 699 1172; x_wconf 87' lang='lat' dir='ltr'>vobis</span> <span class='ocrx_word' id='word_1_92' title='bbox 719 1131 952 1183; x_wconf 80' lang='lat' dir='ltr'>ignoscitis,</span> <span class='ocrx_word' id='word_1_93' title='bbox 978 1134 1020 1171; x_wconf 89' lang='lat' dir='ltr'>et</span> <span class='ocrx_word' id='word_1_94' title='bbox 1042 1145 1146 1184; x_wconf 85' lang='lat' dir='ltr'>quae</span> 
     </span>
    </p>

    <p class='ocr_par' dir='ltr' id='par_1_17' title="bbox 106 1197 1289 1316">
     <span class='ocr_line' id='line_1_17' title="bbox 106 1197 1185 1251; baseline -0.002 -14"><span class='ocrx_word' id='word_1_95' title='bbox 106 1198 248 1251; x_wconf 90' lang='lat' dir='ltr'>turpia</span> <span class='ocrx_word' id='word_1_96' title='bbox 267 1198 453 1246; x_wconf 88' lang='lat' dir='ltr'>cerdoni,</span> <span class='ocrx_word' id='word_1_97' title='bbox 478 1198 650 1237; x_wconf 76' lang='lat' dir='ltr'>Volesos</span> <span class='ocrx_word' id='word_1_98' title='bbox 671 1197 941 1249; x_wconf 75' lang='lat' dir='ltr'>Brutumque</span> <span class='ocrx_word' id='word_1_99' title='bbox 962 1197 1185 1237; x_wconf 88' lang='lat' dir='ltr'>decebunt.</span> 
     </span>
     <span class='ocr_line' id='line_1_18' title="bbox 160 1262 1289 1316; baseline 0 -14"><span class='ocrx_word' id='word_1_100' title='bbox 160 1263 263 1316; x_wconf 89' lang='lat' dir='ltr'>quid</span> <span class='ocrx_word' id='word_1_101' title='bbox 284 1263 317 1302; x_wconf 92' lang='lat' dir='ltr'>si</span> <span class='ocrx_word' id='word_1_102' title='bbox 340 1276 572 1315; x_wconf 83' lang='lat' dir='ltr'>numquam</span> <span class='ocrx_word' id='word_1_103' title='bbox 593 1263 695 1302; x_wconf 85' lang='lat' dir='ltr'>adeo</span> <span class='ocrx_word' id='word_1_104' title='bbox 714 1263 849 1302; x_wconf 75' lang='lat' dir='ltr'>foedis</span> <span class='ocrx_word' id='word_1_105' title='bbox 869 1263 1056 1314; x_wconf 87' lang='lat' dir='ltr'>adeoque</span> <span class='ocrx_word' id='word_1_106' title='bbox 1077 1262 1289 1315; x_wconf 88' lang='lat' dir='ltr'>pudendis</span> 
     </span>
    </p>

    <p class='ocr_par' dir='ltr' id='par_1_18' title="bbox 105 1327 1113 1381">
     <span class='ocr_line' id='line_1_19' title="bbox 105 1327 1113 1381; baseline -0.002 -13"><span class='ocrx_word' id='word_1_107' title='bbox 105 1329 269 1368; x_wconf 90' lang='lat' dir='ltr'>utimur</span> <span class='ocrx_word' id='word_1_108' title='bbox 289 1328 504 1381; x_wconf 81' lang='lat' dir='ltr'>exemplis,</span> <span class='ocrx_word' id='word_1_109' title='bbox 529 1331 579 1367; x_wconf 89' lang='lat' dir='ltr'>ut</span> <span class='ocrx_word' id='word_1_110' title='bbox 599 1341 683 1367; x_wconf 93' lang='lat' dir='ltr'>non</span> <span class='ocrx_word' id='word_1_111' title='bbox 705 1328 848 1380; x_wconf 90' lang='lat' dir='ltr'>peiora</span> <span class='ocrx_word' id='word_1_112' title='bbox 868 1327 1113 1380; x_wconf 88' lang='lat' dir='ltr'>supersint?</span> 
     </span>
    </p>

    <p class='ocr_par' dir='ltr' id='par_1_19' title="bbox 106 1392 1186 1446">
     <span class='ocr_line' id='line_1_20' title="bbox 106 1392 1186 1446; baseline -0.001 -13"><span class='ocrx_word' id='word_1_113' title='bbox 106 1393 369 1446; x_wconf 89' lang='lat' dir='ltr'>consumptis</span> <span class='ocrx_word' id='word_1_114' title='bbox 389 1393 539 1445; x_wconf 89' lang='lat' dir='ltr'>opibus</span> <span class='ocrx_word' id='word_1_115' title='bbox 561 1406 718 1440; x_wconf 83' lang='lat' dir='ltr'>vocem,</span> <span class='ocrx_word' id='word_1_116' title='bbox 745 1393 1014 1445; x_wconf 83' lang='lat' dir='ltr'>Damasippe,</span> <span class='ocrx_word' id='word_1_117' title='bbox 1039 1392 1186 1433; x_wconf 84' lang='lat' dir='ltr'>locasti</span> 
     </span>
    </p>

    <p class='ocr_par' dir='ltr' id='par_1_20' title="bbox 107 1457 1159 1511">
     <span class='ocr_line' id='line_1_21' title="bbox 107 1457 1159 1511; baseline -0.001 -13"><span class='ocrx_word' id='word_1_118' title='bbox 107 1458 273 1511; x_wconf 88' lang='lat' dir='ltr'>sipario,</span> <span class='ocrx_word' id='word_1_119' title='bbox 298 1459 528 1498; x_wconf 88' lang='lat' dir='ltr'>clamosum</span> <span class='ocrx_word' id='word_1_120' title='bbox 548 1471 690 1510; x_wconf 83' lang='lat' dir='ltr'>ageres</span> <span class='ocrx_word' id='word_1_121' title='bbox 712 1461 760 1496; x_wconf 89' lang='lat' dir='ltr'>ut</span> <span class='ocrx_word' id='word_1_122' title='bbox 782 1458 963 1497; x_wconf 82' lang='lat' dir='ltr'>Phasma</span> <span class='ocrx_word' id='word_1_123' title='bbox 985 1457 1159 1497; x_wconf 82' lang='lat' dir='ltr'>Catulli.</span> 
     </span>
    </p>

    <p class='ocr_par' dir='ltr' id='par_1_21' title="bbox 108 1523 1126 1574">
     <span class='ocr_line' id='line_1_22' title="bbox 108 1523 1126 1574; baseline -0.001 -11"><span class='ocrx_word' id='word_1_124' title='bbox 108 1524 361 1564; x_wconf 89' lang='lat' dir='ltr'>Laureolum</span> <span class='ocrx_word' id='word_1_125' title='bbox 387 1523 501 1563; x_wconf 81' lang='lat' dir='ltr'>velox</span> <span class='ocrx_word' id='word_1_126' title='bbox 522 1523 650 1563; x_wconf 85' lang='lat' dir='ltr'>etiam</span> <span class='ocrx_word' id='word_1_127' title='bbox 671 1523 775 1563; x_wconf 90' lang='lat' dir='ltr'>bene</span> <span class='ocrx_word' id='word_1_128' title='bbox 797 1523 1006 1563; x_wconf 89' lang='lat' dir='ltr'>Lentulus</span> <span class='ocrx_word' id='word_1_129' title='bbox 1026 1523 1126 1574; x_wconf 84' lang='lat' dir='ltr'>egit,</span> 
     </span>
    </p>

    <p class='ocr_par' dir='ltr' id='par_1_22' title="bbox 107 1587 1185 1641">
     <span class='ocr_line' id='line_1_23' title="bbox 107 1587 1185 1641; baseline -0.002 -12"><span class='ocrx_word' id='word_1_130' title='bbox 107 1589 245 1629; x_wconf 90' lang='lat' dir='ltr'>iudice</span> <span class='ocrx_word' id='word_1_131' title='bbox 266 1603 332 1629; x_wconf 91' lang='lat' dir='ltr'>me</span> <span class='ocrx_word' id='word_1_132' title='bbox 352 1588 508 1641; x_wconf 88' lang='lat' dir='ltr'>dignus</span> <span class='ocrx_word' id='word_1_133' title='bbox 529 1602 625 1628; x_wconf 83' lang='lat' dir='ltr'>vera</span> <span class='ocrx_word' id='word_1_134' title='bbox 645 1601 782 1628; x_wconf 89' lang='lat' dir='ltr'>cruce.</span> <span class='ocrx_word' id='word_1_135' title='bbox 842 1602 919 1628; x_wconf 92' lang='lat' dir='ltr'>nec</span> <span class='ocrx_word' id='word_1_136' title='bbox 940 1591 1081 1628; x_wconf 81' lang='lat' dir='ltr'>tamen</span> <span class='ocrx_word' id='word_1_137' title='bbox 1103 1587 1185 1641; x_wconf 88' lang='lat' dir='ltr'>ipsi</span> 
     </span>
    </p>

    <p class='ocr_par' dir='ltr' id='par_1_23' title="bbox 107 1653 1127 1707">
     <span class='ocr_line' id='line_1_24' title="bbox 107 1653 1127 1707; baseline -0.003 -12"><span class='ocrx_word' id='word_1_138' title='bbox 107 1654 297 1707; x_wconf 83' lang='lat' dir='ltr'>ignoscas</span> <span class='ocrx_word' id='word_1_139' title='bbox 318 1655 492 1707; x_wconf 85' lang='lat' dir='ltr'>populo3</span> <span class='ocrx_word' id='word_1_140' title='bbox 523 1654 671 1707; x_wconf 89' lang='lat' dir='ltr'>populi</span> <span class='ocrx_word' id='word_1_141' title='bbox 691 1654 812 1694; x_wconf 82' lang='lat' dir='ltr'>frons</span> <span class='ocrx_word' id='word_1_142' title='bbox 833 1654 979 1693; x_wconf 89' lang='lat' dir='ltr'>durior</span> <span class='ocrx_word' id='word_1_143' title='bbox 999 1653 1127 1693; x_wconf 90' lang='lat' dir='ltr'>huius</span> 
     </span>
    </p>

    <p class='ocr_par' dir='ltr' id='par_1_24' title="bbox 107 1718 1106 1773">
     <span class='ocr_line' id='line_1_25' title="bbox 107 1718 1106 1773; baseline -0.001 -14"><span class='ocrx_word' id='word_1_144' title='bbox 107 1720 179 1773; x_wconf 91' lang='lat' dir='ltr'>qui</span> <span class='ocrx_word' id='word_1_145' title='bbox 200 1720 316 1760; x_wconf 87' lang='lat' dir='ltr'>sedet</span> <span class='ocrx_word' id='word_1_146' title='bbox 335 1723 376 1760; x_wconf 86' lang='lat' dir='ltr'>et-</span> <span class='ocrx_word' id='word_1_147' title='bbox 397 1723 558 1772; x_wconf 89' lang='lat' dir='ltr'>spectat</span> <span class='ocrx_word' id='word_1_148' title='bbox 577 1719 794 1759; x_wconf 87' lang='lat' dir='ltr'>triscurria</span> <span class='ocrx_word' id='word_1_149' title='bbox 813 1718 1106 1772; x_wconf 88' lang='lat' dir='ltr'>patriciorum,</span> 
     </span>
    </p>

    <p class='ocr_par' dir='ltr' id='par_1_25' title="bbox 107 1784 1091 1838">
     <span class='ocr_line' id='line_1_26' title="bbox 107 1784 1091 1838; baseline -0.002 -13"><span class='ocrx_word' id='word_1_150' title='bbox 107 1785 351 1838; x_wconf 86' lang='lat' dir='ltr'>planipedes</span> <span class='ocrx_word' id='word_1_151' title='bbox 370 1785 491 1824; x_wconf 88' lang='lat' dir='ltr'>audit</span> <span class='ocrx_word' id='word_1_152' title='bbox 515 1785 680 1833; x_wconf 87' lang='lat' dir='ltr'>Fabios,</span> <span class='ocrx_word' id='word_1_153' title='bbox 705 1784 840 1824; x_wconf 90' lang='lat' dir='ltr'>ridere</span> <span class='ocrx_word' id='word_1_154' title='bbox 861 1787 1000 1837; x_wconf 89' lang='lat' dir='ltr'>potest</span> <span class='ocrx_word' id='word_1_155' title='bbox 1021 1784 1091 1837; x_wconf 93' lang='lat' dir='ltr'>qui</span> 
     </span>
    </p>

    <p class='ocr_par' dir='ltr' id='par_1_26' title="bbox 110 1850 1290 1903">
     <span class='ocr_line' id='line_1_27' title="bbox 110 1850 1290 1903; baseline -0.001 -13"><span class='ocrx_word' id='word_1_156' title='bbox 110 1851 416 1891; x_wconf 85' lang='lat' dir='ltr'>Mamercorum</span> <span class='ocrx_word' id='word_1_157' title='bbox 437 1851 590 1903; x_wconf 87' lang='lat' dir='ltr'>alapas.</span> <span class='ocrx_word' id='word_1_158' title='bbox 651 1850 801 1902; x_wconf 90' lang='lat' dir='ltr'>quanti</span> <span class='ocrx_word' id='word_1_159' title='bbox 822 1863 896 1890; x_wconf 89' lang='lat' dir='ltr'>sua</span> <span class='ocrx_word' id='word_1_160' title='bbox 916 1850 1069 1889; x_wconf 81' lang='lat' dir='ltr'>funera</span> <span class='ocrx_word' id='word_1_161' title='bbox 1089 1850 1290 1898; x_wconf 81' lang='lat' dir='ltr'>vendant,</span> 
     </span>
    </p>

    <p class='ocr_par' dir='ltr' id='par_1_27' title="bbox 108 1915 1185 1969">
     <span class='ocr_line' id='line_1_28' title="bbox 108 1915 1185 1969; baseline -0.002 -13"><span class='ocrx_word' id='word_1_162' title='bbox 108 1916 210 1969; x_wconf 90' lang='lat' dir='ltr'>quid</span> <span class='ocrx_word' id='word_1_163' title='bbox 232 1917 362 1956; x_wconf 79' lang='lat' dir='ltr'>refert</span> <span class='ocrx_word' id='word_1_164' title='bbox 376 1917 394 1954; x_wconf 69' lang='grc' dir='ltr'>ἶ)</span> <span class='ocrx_word' id='word_1_165' title='bbox 451 1916 642 1956; x_wconf 84' lang='lat' dir='ltr'>vendunt</span> <span class='ocrx_word' id='word_1_166' title='bbox 662 1915 782 1955; x_wconf 87' lang='lat' dir='ltr'>nullo</span> <span class='ocrx_word' id='word_1_167' title='bbox 803 1918 978 1967; x_wconf 84' lang='lat' dir='ltr'>cogente</span> <span class='ocrx_word' id='word_1_168' title='bbox 1000 1915 1185 1962; x_wconf 87' lang='lat' dir='ltr'>Nerone,</span> 
     </span>
    </p>

    <p class='ocr_par' dir='ltr' id='par_1_28' title="bbox 107 1980 1095 2034">
     <span class='ocr_line' id='line_1_29' title="bbox 107 1980 1095 2034; baseline -0.004 -12"><span class='ocrx_word' id='word_1_169' title='bbox 107 1995 184 2022; x_wconf 88' lang='lat' dir='ltr'>nec</span> <span class='ocrx_word' id='word_1_170' title='bbox 204 1981 404 2021; x_wconf 86' lang='lat' dir='ltr'>dubitant</span> <span class='ocrx_word' id='word_1_171' title='bbox 425 1981 522 2021; x_wconf 89' lang='lat' dir='ltr'>celsi</span> <span class='ocrx_word' id='word_1_172' title='bbox 543 1981 748 2034; x_wconf 89' lang='lat' dir='ltr'>praetoris</span> <span class='ocrx_word' id='word_1_173' title='bbox 768 1981 947 2020; x_wconf 72' lang='lat' dir='ltr'>vendere</span> <span class='ocrx_word' id='word_1_174' title='bbox 968 1980 1095 2019; x_wconf 87' lang='lat' dir='ltr'>ludis.</span> 
     </span>
    </p>

    <p class='ocr_par' dir='ltr' id='par_1_29' title="bbox 109 2044 1276 2099">
     <span class='ocr_line' id='line_1_30' title="bbox 109 2044 1276 2099; baseline -0.002 -13"><span class='ocrx_word' id='word_1_175' title='bbox 109 2046 219 2099; x_wconf 87' lang='lat' dir='ltr'>finge</span> <span class='ocrx_word' id='word_1_176' title='bbox 241 2049 382 2086; x_wconf 88' lang='lat' dir='ltr'>tamen</span> <span class='ocrx_word' id='word_1_177' title='bbox 404 2045 563 2097; x_wconf 83' lang='lat' dir='ltr'>gladios</span> <span class='ocrx_word' id='word_1_178' title='bbox 584 2046 682 2085; x_wconf 89' lang='lat' dir='ltr'>inde</span> <span class='ocrx_word' id='word_1_179' title='bbox 703 2049 829 2097; x_wconf 88' lang='lat' dir='ltr'>atque</span> <span class='ocrx_word' id='word_1_180' title='bbox 850 2045 951 2084; x_wconf 89' lang='lat' dir='ltr'>hinc</span> <span class='ocrx_word' id='word_1_181' title='bbox 972 2044 1140 2097; x_wconf 84' lang='lat' dir='ltr'>pulpita</span> <span class='ocrx_word' id='word_1_182' title='bbox 1159 2044 1276 2097; x_wconf 87' lang='lat' dir='ltr'>poni,</span> 
     </span>
    </p>

    <p class='ocr_par' dir='ltr' id='par_1_30' title="bbox 108 2110 1356 2164">
     <span class='ocr_line' id='line_1_31' title="bbox 108 2110 1356 2164; baseline -0.001 -13"><span class='ocrx_word' id='word_1_183' title='bbox 108 2112 209 2164; x_wconf 90' lang='lat' dir='ltr'>quid</span> <span class='ocrx_word' id='word_1_184' title='bbox 231 2111 392 2151; x_wconf 81' lang='lat' dir='ltr'>satius?</span> <span class='ocrx_word' id='word_1_185' title='bbox 449 2114 630 2150; x_wconf 87' lang='lat' dir='ltr'>mortem</span> <span class='ocrx_word' id='word_1_186' title='bbox 651 2111 709 2151; x_wconf 89' lang='lat' dir='ltr'>sic</span> <span class='ocrx_word' id='word_1_187' title='bbox 731 2111 953 2163; x_wconf 83' lang='lat' dir='ltr'>quisquam</span> <span class='ocrx_word' id='word_1_188' title='bbox 975 2110 1210 2157; x_wconf 80' lang='lat' dir='ltr'>exhorruit,</span> <span class='ocrx_word' id='word_1_189' title='bbox 1233 2113 1283 2149; x_wconf 88' lang='lat' dir='ltr'>ut</span> <span class='ocrx_word' id='word_1_190' title='bbox 1303 2110 1356 2150; x_wconf 89' lang='lat' dir='ltr'>sit</span> 
     </span>
    </p>

    <p class='ocr_par' dir='ltr' id='par_1_31' title="bbox 109 2175 1201 2228">
     <span class='ocr_line' id='line_1_32' title="bbox 109 2175 1201 2228; baseline -0.003 -12"><span class='ocrx_word' id='word_1_191' title='bbox 109 2177 323 2228; x_wconf 81' lang='lat' dir='ltr'>zelotypus</span> <span class='ocrx_word' id='word_1_192' title='bbox 344 2176 582 2228; x_wconf 74' lang='lat' dir='ltr'>Thymeles,</span> <span class='ocrx_word' id='word_1_193' title='bbox 607 2176 767 2228; x_wconf 84' lang='lat' dir='ltr'>stupidi</span> <span class='ocrx_word' id='word_1_194' title='bbox 789 2175 947 2227; x_wconf 82' lang='lat' dir='ltr'>collega</span> <span class='ocrx_word' id='word_1_195' title='bbox 971 2175 1201 2215; x_wconf 84' lang='lat' dir='ltr'>Corinthi?</span> 
     </span>
    </p>

    <p class='ocr_par' dir='ltr' id='par_1_32' title="bbox 109 2240 1242 2293">
     <span class='ocr_line' id='line_1_33' title="bbox 109 2240 1242 2293; baseline -0.003 -11"><span class='ocrx_word' id='word_1_196' title='bbox 109 2254 171 2282; x_wconf 81' lang='lat' dir='ltr'>res</span> <span class='ocrx_word' id='word_1_197' title='bbox 192 2242 297 2281; x_wconf 87' lang='lat' dir='ltr'>haut</span> <span class='ocrx_word' id='word_1_198' title='bbox 317 2241 424 2280; x_wconf 87' lang='lat' dir='ltr'>mira</span> <span class='ocrx_word' id='word_1_199' title='bbox 444 2244 586 2281; x_wconf 88' lang='lat' dir='ltr'>tamen</span> <span class='ocrx_word' id='word_1_200' title='bbox 607 2241 851 2281; x_wconf 85' lang='lat' dir='ltr'>citharoedo</span> <span class='ocrx_word' id='word_1_201' title='bbox 871 2240 1063 2293; x_wconf 86' lang='lat' dir='ltr'>principe</span> <span class='ocrx_word' id='word_1_202' title='bbox 1087 2240 1242 2280; x_wconf 85' lang='lat' dir='ltr'>mimus</span> 
     </span>
    </p>

    <p class='ocr_par' dir='ltr' id='par_1_33' title="bbox 109 2305 1280 2358">
     <span class='ocr_line' id='line_1_34' title="bbox 109 2305 1280 2358; baseline -0.001 -12"><span class='ocrx_word' id='word_1_203' title='bbox 109 2307 272 2347; x_wconf 89' lang='lat' dir='ltr'>nobilis.</span> <span class='ocrx_word' id='word_1_204' title='bbox 334 2307 433 2346; x_wconf 85' lang='lat' dir='ltr'>haec</span> <span class='ocrx_word' id='word_1_205' title='bbox 455 2306 566 2346; x_wconf 85' lang='lat' dir='ltr'>ultra</span> <span class='ocrx_word' id='word_1_206' title='bbox 593 2306 694 2358; x_wconf 86' lang='lat' dir='ltr'>quid</span> <span class='ocrx_word' id='word_1_207' title='bbox 716 2306 796 2346; x_wconf 88' lang='lat' dir='ltr'>erit</span> <span class='ocrx_word' id='word_1_208' title='bbox 818 2306 897 2345; x_wconf 85' lang='lat' dir='ltr'>nisi</span> <span class='ocrx_word' id='word_1_209' title='bbox 919 2306 1076 2345; x_wconf 84' lang='lat' dir='ltr'>ludus?</span> <span class='ocrx_word' id='word_1_210' title='bbox 1132 2308 1174 2345; x_wconf 89' lang='lat' dir='ltr'>et</span> <span class='ocrx_word' id='word_1_211' title='bbox 1195 2305 1280 2345; x_wconf 89' lang='lat' dir='ltr'>illic</span> 
     </span>
    </p>

    <p class='ocr_par' dir='ltr' id='par_1_34' title="bbox 108 2371 1204 2420">
     <span class='ocr_line' id='line_1_35' title="bbox 108 2371 1204 2420; baseline -0.002 -8"><span class='ocrx_word' id='word_1_212' title='bbox 108 2373 290 2412; x_wconf 88' lang='lat' dir='ltr'>dedecus</span> <span class='ocrx_word' id='word_1_213' title='bbox 310 2371 425 2411; x_wconf 89' lang='lat' dir='ltr'>urbis</span> <span class='ocrx_word' id='word_1_214' title='bbox 443 2371 586 2420; x_wconf 88' lang='lat' dir='ltr'>habes,</span> <span class='ocrx_word' id='word_1_215' title='bbox 611 2385 687 2412; x_wconf 89' lang='lat' dir='ltr'>nec</span> <span class='ocrx_word' id='word_1_216' title='bbox 708 2371 991 2411; x_wconf 88' lang='lat' dir='ltr'>murmillonis</span> <span class='ocrx_word' id='word_1_217' title='bbox 1012 2371 1053 2410; x_wconf 88' lang='lat' dir='ltr'>in</span> <span class='ocrx_word' id='word_1_218' title='bbox 1077 2371 1204 2410; x_wconf 89' lang='lat' dir='ltr'>armis</span> 
     </span>
    </p>

    <p class='ocr_par' dir='ltr' id='par_1_35' title="bbox 108 2435 1328 2490">
     <span class='ocr_line' id='line_1_36' title="bbox 108 2435 1328 2490; baseline -0.002 -12"><span class='ocrx_word' id='word_1_219' title='bbox 108 2450 186 2478; x_wconf 88' lang='lat' dir='ltr'>nec</span> <span class='ocrx_word' id='word_1_220' title='bbox 205 2436 341 2490; x_wconf 89' lang='lat' dir='ltr'>clipeo</span> <span class='ocrx_word' id='word_1_221' title='bbox 362 2435 600 2476; x_wconf 86' lang='lat' dir='ltr'>Gracchum</span> <span class='ocrx_word' id='word_1_222' title='bbox 622 2439 885 2490; x_wconf 86' lang='lat' dir='ltr'>pugnantem</span> <span class='ocrx_word' id='word_1_223' title='bbox 906 2439 980 2476; x_wconf 85' lang='lat' dir='ltr'>aut</span> <span class='ocrx_word' id='word_1_224' title='bbox 1000 2435 1108 2476; x_wconf 80' lang='lat' dir='ltr'>falce</span> <span class='ocrx_word' id='word_1_225' title='bbox 1127 2435 1328 2489; x_wconf 74' lang='lat' dir='ltr'>supina-</span> 
     </span>
    </p>
   </div>
   <div class='ocr_carea' id='block_1_3' title="bbox 1500 416 1575 454">
    <p class='ocr_par' dir='ltr' id='par_1_36' title="bbox 1500 416 1575 454">
     <span class='ocr_line' id='line_1_37' title="bbox 1500 416 1575 454; baseline 0 -1"><span class='ocrx_word' id='word_1_226' title='bbox 1500 416 1575 454; x_wconf 73' lang='grc'>170</span> 
     </span>
    </p>
   </div>
   <div class='ocr_carea' id='block_1_4' title="bbox 1501 1070 1577 1106">
    <p class='ocr_par' dir='ltr' id='par_1_37' title="bbox 1501 1070 1577 1106">
     <span class='ocr_line' id='line_1_38' title="bbox 1501 1070 1577 1106; baseline 0 0"><span class='ocrx_word' id='word_1_227' title='bbox 1501 1070 1577 1106; x_wconf 75' lang='lat'>180</span> 
     </span>
    </p>
   </div>
   <div class='ocr_carea' id='block_1_5' title="bbox 1502 1396 1576 1433">
    <p class='ocr_par' dir='ltr' id='par_1_38' title="bbox 1502 1396 1576 1433">
     <span class='ocr_line' id='line_1_39' title="bbox 1502 1396 1576 1433; baseline 0.014 -1"><span class='ocrx_word' id='word_1_228' title='bbox 1502 1396 1576 1433; x_wconf 83' lang='grc'>185</span> 
     </span>
    </p>
   </div>
   <div class='ocr_carea' id='block_1_6' title="bbox 1502 1723 1577 1760">
    <p class='ocr_par' dir='ltr' id='par_1_39' title="bbox 1502 1723 1577 1760">
     <span class='ocr_line' id='line_1_40' title="bbox 1502 1723 1577 1760; baseline 0.013 -1"><span class='ocrx_word' id='word_1_229' title='bbox 1502 1723 1577 1760; x_wconf 84' lang='grc'>190</span> 
     </span>
    </p>
   </div>
   <div class='ocr_carea' id='block_1_7' title="bbox 1502 2050 1575 2085">
    <p class='ocr_par' dir='ltr' id='par_1_40' title="bbox 1502 2050 1575 2085">
     <span class='ocr_line' id='line_1_41' title="bbox 1502 2050 1575 2085; baseline 0 0"><span class='ocrx_word' id='word_1_230' title='bbox 1502 2050 1575 2085; x_wconf 79' lang='grc'>195</span> 
     </span>
    </p>
   </div>
   <div class='ocr_carea' id='block_1_8' title="bbox 1500 2375 1576 2412">
    <p class='ocr_par' dir='ltr' id='par_1_41' title="bbox 1500 2375 1576 2412">
     <span class='ocr_line' id='line_1_42' title="bbox 1500 2375 1576 2412; baseline -0.013 0"><span class='ocrx_word' id='word_1_231' title='bbox 1500 2375 1576 2412; x_wconf 75' lang='lat'>200</span> 
     </span>
    </p>
   </div>
  </div>
 </body>
</html>
