1778 2693
140 149 198 194 46
635 151 674 180 1).
711 151 836 179 IVNII
868 136 1120 178 1vv13'NAL1s

143 253 285 293 mollia
306 252 377 305 qui
399 255 518 304 rapta
538 252 669 292 secuit
691 250 888 303 genitalia
906 253 1013 289 testa

143 319 223 357 iam
246 318 423 370 pridem,
448 317 514 356 cui
538 330 659 356 rauca
680 317 840 362 cohors,
865 315 932 354 cui
956 318 1155 367 tympana
1175 315 1346 362 cedunt,

145 383 301 435 plebeia
321 388 363 421 ct
388 382 567 433 Phrygia
591 381 764 420 vestitur
786 382 914 419 bucca
937 380 1053 419 tiara.

143 448 299 499 grando
322 454 439 487 sonat
463 447 676 497 metuique
700 446 814 485 iubet
836 445 1081 497 septembris
1101 448 1143 484 et
1163 445 1292 483 austri

143 513 385 560 adventum,
411 512 489 551 nisi
512 525 551 551 se
573 516 743 551 centum
765 511 1006 550 lustraverit
1026 512 1112 549 ovis

143 582 184 617 et
205 577 506 629 xerampelinas
529 581 685 616 veteres
705 576 923 615 donaverit
944 575 1037 627 ipsi,

144 645 192 682 ut
213 642 420 694 quidquid
443 642 569 681 subiti
591 646 632 681 et
654 640 797 693 magni
819 639 1074 680 discriminis
1095 639 1239 687 instat,

144 707 187 746 in
211 707 372 746 tunicas
393 709 472 753 eat,
498 709 540 745 et
562 709 699 745 totum
722 705 846 744 semel
869 704 1009 756 expiet
1029 717 1204 743 annum.

143 771 368 811 hibernum
390 771 523 810 fracta
544 770 676 822 glacie
698 770 922 810 descendet
942 769 987 808 in
1008 781 1189 816 amnem,

145 839 207 876 ter
227 836 438 875 matutino
460 835 601 874 Tiberi
624 838 839 886 mergetur
859 838 901 874 et
921 834 1020 886 ipsis

145 901 370 941 verticibus
391 901 589 940 timidum
611 903 738 952 caput
759 900 915 946 abluet,
939 899 1038 938 inde
1058 898 1225 950 superbi

147 970 283 1006 totum
305 966 412 1017 regis
432 979 580 1017 agrum
602 965 716 1004 nuda
736 978 782 1004 ac
803 964 1072 1004 tremibunda
1092 962 1279 1002 cruentis

145 1034 284 1083 erepet
305 1031 499 1082 genibus3
531 1030 563 1070 si
587 1030 764 1069 candida
784 1029 951 1068 iusserit
971 1028 1031 1075 10,

145 1096 224 1135 ibit
243 1096 294 1135 ad
316 1095 499 1147 Aegypti
521 1095 648 1134 finem
669 1095 887 1145 calidaque
907 1093 1061 1145 petitas

146 1174 169 1200 a
191 1161 330 1200 Meroe
350 1160 535 1212 portabit
555 1173 697 1211 aquas,
722 1162 771 1198 ut
792 1163 962 1210 spargat
983 1158 1027 1197 in
1047 1158 1147 1197 aede

146 1225 284 1273 Isidis,
308 1225 482 1277 antiquo
504 1237 607 1277 quae
628 1224 819 1276 proxima
839 1223 976 1274 surgit
996 1222 1108 1262 ovili.

146 1290 280 1330 credit
300 1290 411 1329 enim
434 1289 564 1341 ipsius
585 1289 778 1328 dominae
799 1302 839 1328 se
861 1301 958 1327 voce
979 1287 1161 1326 moneri:

147 1368 198 1395 en
219 1355 402 1394 animam
423 1357 464 1394 et
485 1356 668 1394 mentem
690 1367 787 1393 cum
809 1367 891 1404 qua
911 1352 954 1392 di
974 1356 1097 1391 nocte
1117 1352 1359 1403 loquantur.

147 1433 244 1472 ergo
264 1420 332 1459 hic
353 1419 627 1472 praecipuum
649 1431 947 1469 summumque
968 1419 1154 1456 meretur
1174 1416 1390 1463 honorem,

149 1485 220 1536 qui
240 1497 365 1536 grege
386 1483 563 1535 linigero
583 1483 869 1523 circumdatus
889 1485 931 1522 et
950 1495 1075 1534 grege
1096 1481 1211 1520 calvo

147 1549 388 1602 plangentis
408 1548 554 1601 populi
576 1548 708 1588 currit
728 1547 886 1587 derisor
906 1547 1083 1586 Anubis.

148 1614 217 1654 ille
237 1614 346 1666 petit
366 1613 546 1661 veniam,
570 1613 764 1665 quotiens
784 1626 868 1652 non
890 1612 1072 1652 abstinet
1091 1624 1197 1650 uxor

148 1678 376 1718 concubitu
398 1678 524 1718 sacris
543 1678 894 1729 observandisque
917 1677 1064 1716 diebus

148 1756 384 1795 magnaque
404 1743 580 1782 debetur
601 1743 755 1782 violato
776 1756 910 1795 poena
930 1742 1109 1781 cadurco

149 1812 190 1848 et
210 1808 385 1848 movisse
405 1813 534 1860 caput
554 1808 640 1847 visa
659 1811 721 1847 est
740 1811 938 1858 argentea
958 1820 1144 1857 serpens3

149 1873 262 1913 illius
280 1873 476 1913 lacrimae
497 1873 783 1924 meditataque
803 1885 1021 1911 murmura
1040 1872 1253 1923 praestant

150 1941 198 1977 ut
220 1938 381 1977 veniam
404 1938 551 1990 culpae
573 1951 655 1977 non
679 1938 851 1985 abnuat,
875 1949 1017 1976 ansere
1037 1948 1190 1987 magno

151 2003 308 2043 scilicet
329 2006 372 2042 et
393 2004 511 2042 tenui
532 2016 698 2055 popano
719 2005 955 2054 corruptus,
982 2001 1125 2041 Osiris.

151 2081 247 2107 cum
269 2068 386 2107 dedit
407 2068 476 2107 ille
497 2068 651 2115 locum,
677 2067 858 2120 cophino
878 2067 1084 2118 faenoque
1104 2065 1249 2105 relicto

151 2145 343 2172 arcanam
365 2132 521 2172 Iudaea
543 2136 723 2172 tremens
744 2131 956 2172 mendicat
976 2131 1020 2170 in
1040 2144 1196 2177 aurem,

152 2197 358 2248 interpres
379 2197 519 2247 legum
542 2197 806 2248 Solymarum
826 2199 868 2236 et
889 2208 1041 2248 magna
1060 2195 1247 2234 sacerdos

152 2261 308 2300 arboris
328 2274 374 2300 ac
395 2261 549 2300 summi
572 2261 654 2301 fida
675 2261 940 2301 internuntia
960 2259 1078 2300 caeli.

152 2325 300 2377 implet
321 2329 362 2365 et
383 2325 455 2364 illa
476 2339 663 2373 manum,
688 2327 758 2365 sed
782 2325 964 2378 parcius3
995 2338 1086 2364 aere
1107 2323 1272 2363 minuto

153 2390 474 2443 qualiacumque
496 2390 607 2430 voles
628 2390 773 2430 Iudaei
794 2390 956 2430 somnia
977 2390 1179 2429 vendunt.

154 2454 332 2506 spondet
351 2458 581 2493 amatorem
604 2458 797 2495 tenerum
818 2455 882 2495 vel
902 2454 1046 2494 divitis
1066 2453 1155 2493 orbi

1523 318 1599 355 515

1525 642 1602 679 520

1528 964 1604 1002 525

1529 1289 1606 1326 530

1531 1614 1553 1649 0¹

1557 1612 1607 1649 ἓξ.

1532 1936 1609 1974 540

1533 2261 1609 2298 545
