1778 2693
159 127 216 166 60
647 136 686 165 1).
723 137 850 166 IVNII
880 137 1133 168 IVVENALIS

159 235 229 275 sed
249 235 394 276 venale
413 249 540 288 pecus
562 237 795 289 Coryphaei
814 238 1037 289 posteritas
1055 242 1098 278 et

160 299 346 352 Hirpini,
371 300 404 339 si
425 313 517 340 rara
537 301 636 353 iugo
657 301 831 341 victoria
852 303 978 352 sedit3

159 365 217 404 nil
241 365 297 404 ibi
319 365 525 404 maiorum
547 370 772 418 respectus,
797 368 930 418 gratia
952 367 1068 407 nulla

158 429 423 478 umbrarlun3
454 431 645 471 dominos
665 432 811 484 pretiis
832 437 994 472 mutare
1016 433 1215 472 iubentur

157 495 333 546 exiguis.
360 495 460 534 trito
481 488 872 548 (111911111391111396111
893 497 999 537 collo

157 559 402 611 segnipedes
422 561 623 613 dignique
644 562 797 601 molam
819 575 979 602 versare
998 568 1183 615 nepotes.

157 636 255 675 ergo
278 627 324 663 ut
345 625 547 664 miremur
569 631 624 673 te,
648 640 734 666 non
755 630 842 674 tua,
867 627 1035 679 privum
1056 628 1215 679 aliquid
1238 629 1304 676 da,

158 689 267 740 quod
289 690 442 741 possim
463 691 600 730 titulis
621 691 806 731 incidere
827 696 991 744 praeter
1010 692 1188 732 honores

158 766 260 804 quos
280 753 363 793 illis
383 755 531 794 damus
550 769 597 794 ac
618 756 824 804 dedimus,
849 757 1001 809 quibus
1021 757 1161 797 omnia
1181 757 1316 797 debes.

211 818 311 858 haec
332 819 431 859 satis
451 820 502 859 ad
524 820 717 860 iuvenem
740 834 863 872 quem
885 822 1004 861 nobis
1023 822 1137 861 fama
1157 822 1383 874 superbum

157 883 287 922 tradit
307 888 349 924 et
368 884 562 924 inflatum
582 885 839 938 plenumque
860 886 1027 926 Nerone
1048 887 1305 939 propinqum

156 960 275 987 rarus
297 948 410 987 enim
431 949 562 989 ferme
582 963 725 989 sensus
745 951 980 990 communis
1004 951 1048 989 in
1069 951 1142 990 illa

156 1012 340 1052 fortuna.
402 1014 472 1052 sed
495 1018 536 1053 te
556 1014 713 1054 censeri
733 1015 856 1055 laude
877 1018 1063 1063 tuorum,

158 1076 345 1125 Pontice,
370 1078 574 1117 noluerim
599 1080 656 1118 sic
678 1084 727 1118 ut
747 1080 854 1119 nihil
876 1080 963 1132 ipse
982 1080 1152 1120 futurae

156 1141 292 1181 laudis
311 1156 421 1194 agas.
481 1144 678 1183 miserum
700 1148 762 1184 est
781 1145 960 1184 aliorum
984 1145 1228 1185 incumbere
1247 1146 1398 1194 famae,

156 1220 208 1247 ne
228 1208 422 1260 conlapsa
442 1212 568 1248 ruant
588 1209 806 1249 subductis
827 1213 936 1249 tecta
956 1210 1177 1249 columnis.

156 1275 312 1312 stratus
332 1273 452 1312 humi
474 1274 631 1326 palmee
650 1275 797 1314 viduas
817 1275 1025 1314 desiderat
1045 1275 1194 1315 ulmos.

156 1340 244 1376 esto
263 1337 397 1378 bonus
417 1339 550 1386 miles,
574 1342 691 1378 tutor
711 1340 858 1388 bonus,
881 1340 1040 1380 arbiter
1059 1340 1169 1380 idem

155 1401 338 1454 integer;
368 1403 588 1455 ambiguae
609 1404 641 1443 si
664 1405 832 1455 quando
852 1405 1032 1444 citabere
1053 1405 1170 1444 testis

155 1467 423 1519 incertaeque
444 1469 516 1516 rei,
543 1468 731 1508 Phalaris
750 1469 849 1509 licet
870 1469 1049 1521 imperet
1070 1475 1118 1509 ut
1137 1470 1193 1509 sis

154 1531 285 1571 falsus
304 1537 345 1571 et
366 1533 535 1572 admoto
557 1533 687 1572 dictet
707 1534 892 1586 periuria.
912 1536 1047 1582 tauro,

155 1609 365 1635 summum
390 1598 510 1637 crede
530 1598 649 1637 nefas
668 1598 852 1637 animam
874 1599 1083 1651 praeferre
1104 1599 1256 1651 pudori

154 1665 196 1701 et
215 1666 387 1714 propter
407 1662 537 1701 vitam
560 1663 726 1702 vivendi
747 1664 920 1716 perdere
941 1677 1096 1703 causas.

155 1726 310 1778 dignus
330 1730 463 1766 morte
483 1727 605 1779 perit,
631 1733 753 1767 cenet
772 1728 870 1768 licet
890 1732 1026 1767 ostrea
1045 1731 1216 1767 centum

155 1791 350 1831 Gaurana
370 1795 411 1830 et
434 1791 570 1831 Cosmi
593 1796 684 1832 toto
704 1796 920 1844 mergatur
939 1806 1054 1833 aeno.

153 1860 369 1908 expectata
389 1857 462 1895 diu
485 1857 655 1897 tandem
676 1857 890 1910 provincia
910 1870 1006 1897 cum
1027 1861 1068 1897 te

153 1926 357 1960 rectorem
378 1921 573 1973 accipiat,
598 1935 705 1973 pone
725 1922 810 1961 irae
830 1922 951 1961 frena
971 1923 1242 1975 modumque,

153 1999 263 2038 pone
283 1990 324 2025 et
343 1987 554 2034 avaritiae,
579 1987 773 2026 miserere
794 1987 969 2039 inopum
990 1987 1252 2027 sociorum—-

153 2064 241 2090 ossa
262 2051 376 2090 vides
397 2064 538 2090 rerum
558 2052 700 2091 vacuis
720 2056 871 2091 exucta
892 2052 1143 2091 medullis—

153 2115 310 2167 respice
332 2115 432 2168 quid
454 2121 653 2156 moneant
673 2117 797 2168 leges,
823 2117 924 2168 quid
946 2117 1061 2156 curia
1082 2117 1268 2165 mandet,

152 2181 336 2232 praemia
357 2188 514 2232 quanta
533 2181 664 2220 bonos
683 2186 896 2228 maneant,
921 2194 1045 2233 quam
1066 2182 1248 2221 fulmine
1268 2181 1380 2222 iusto

152 2251 194 2284 et
217 2245 365 2297 Capito
385 2250 427 2284 et
447 2245 650 2285 Numitor
670 2247 833 2286 ruerint
854 2246 1082 2286 damnante
1102 2253 1247 2286 senatu

153 2310 312 2360 piratae
334 2309 528 2349 Cilicum.
588 2311 657 2350 sed
680 2311 781 2362 quid
802 2311 1017 2351 damnatio
1038 2312 1236 2351 confert?

154 2387 412 2426 praeconem,
438 2374 688 2427 Chaerippe,
712 2375 797 2415 tuis
825 2375 1099 2428 circumspice
1118 2375 1285 2427 pannis,

153 2451 249 2478 cum
271 2438 405 2478 Pansa
423 2438 575 2491 eripiat
594 2439 801 2492 quidquid
822 2439 900 2480 tibi
921 2440 1053 2480 Natta
1073 2439 1258 2492 reliquit.

1566 437 1615 474 65

1566 759 1616 799 ¹70

1566 1084 1615 1123 ¹75

1565 1409 1617 1446 80

1564 1733 1615 1770 85

1562 2056 1612 2094 90

1560 2379 1609 2417 95
