1778 2693
122 125 174 164 28
610 134 650 163 Ι).
686 134 813 163 IVNII
844 134 1098 163 va’ENAms

121 236 196 272 aut
217 230 351 286 glacie
373 244 566 283 aspersus
588 231 764 271 maculis
787 230 1031 279 Tiberinus,
1058 233 1101 270 et
1122 231 1210 283 ipse

120 297 296 337 vernula
317 296 521 348 riparum,
545 295 718 348 pinguis
741 298 929 335 torrente
952 295 1095 335 cloaca

119 367 162 402 et
183 362 334 402 solitus
356 361 518 400 mediae
539 364 732 412 cryptam
754 363 978 412 penetrare
1001 359 1204 400 Suburae.

173 427 253 479 ipsi
275 439 409 478 pauca
431 425 570 472 velim,
596 425 766 464 facilem
788 425 821 465 si
843 426 1043 478 praebeat
1063 438 1222 465 aurem.

123 495 272 531 ‘nemo
290 491 414 543 petit,
441 490 617 529 modicis
639 503 746 542 quac
769 490 1055 529 mittebantur
1076 489 1223 529 amicis

120 569 143 595 a
165 556 337 602 Seneca,
362 568 468 607 quae
492 555 587 594 Piso
609 555 759 602 bonus,
785 568 891 606 quae
915 555 1042 594 Cotta
1063 555 1223 595 solebat

119 620 262 672 largiri
281 634 290 669 ;
321 633 503 671 namque
526 623 567 658 et
590 619 729 658 titulis
751 623 793 659 et
814 619 1001 659 fascibus
1023 619 1124 659 olim

119 685 252 724 maior
273 685 509 724 habebatur
531 684 718 723 donandi
739 684 887 736 gloria.
950 684 1087 723 solum

118 749 332 802 poscimus
354 752 402 787 ut
420 761 542 788 cenes
564 748 759 788 civiliter.
822 748 901 788 hoc
923 748 1016 788 face
1038 752 1080 788 et
1101 751 1206 797 esto,

119 818 222 862 esto,
248 818 296 853 ut
317 827 431 853 nunc
450 813 591 861 multi,
617 814 733 853 dives
756 814 849 861 tibi,
874 827 1036 866 pauper
1057 813 1236 854 amicis.’

172 879 329 918 anseris
351 882 449 918 ante
471 878 611 930 ipsum
633 878 777 930 magni
798 878 928 926 iecur,
953 878 1173 918 anseribus
1193 891 1270 931 par

118 944 264 991 altilis,
289 947 331 983 et
352 943 448 982 flavi
470 943 626 994 dignus
648 943 761 983 ferro
784 943 988 995 Meleagri

119 1016 289 1060 spumat
311 1021 423 1060 aper.
484 1011 582 1060 post
604 1007 719 1047 hunc
741 1008 969 1047 tradentur
990 1008 1156 1056 tubera,
1181 1007 1215 1048 si
1236 1020 1309 1048 ver

119 1078 223 1112 tunc
246 1073 326 1112 erit
348 1076 390 1112 et
410 1072 573 1112 facient
595 1076 743 1124 optata
764 1073 959 1112 tonitrua
980 1086 1103 1112 cenas

119 1138 308 1177 maiores.
371 1141 382 1158 ‘
399 1137 478 1176 tibi
500 1137 607 1176 habe
629 1138 899 1177 frumentum
914 1137 925 1154 ³
948 1137 1144 1177 Alledius
1164 1137 1308 1189 inquit

123 1207 134 1223 ‘
148 1217 171 1243 0
194 1203 339 1254 Libye,
365 1202 561 1254 disiunge
582 1202 723 1249 boves,
749 1202 852 1241 dum
873 1203 1026 1242 tubera
1048 1201 1228 1242 mittas.’

119 1261 375 1307 structorem
398 1267 574 1314 interea,
599 1280 739 1319 nequa
759 1267 1002 1319 indignatio
1025 1267 1150 1315 desit,

119 1333 347 1372 saltantem
369 1335 533 1384 spectes
555 1336 598 1371 et
620 1332 952 1371 chironomunta
974 1331 1136 1371 volanti

119 1398 308 1444 cultello,
334 1397 467 1436 donec
488 1401 665 1448 peragat
687 1397 851 1436 dictata
872 1397 1066 1448 magistri

119 1462 261 1502 omnia
279 1476 289 1512 ;
311 1475 388 1501 nec
409 1461 588 1501 minimo
610 1474 709 1501 sane
731 1461 976 1501 discrimine
997 1462 1144 1510 refert,

119 1541 202 1579 quo
223 1531 347 1579 gestu
367 1527 533 1578 lepores
555 1530 597 1565 et
619 1540 702 1578 quo
724 1526 885 1578 gallina
907 1530 1087 1566 secetur.

119 1593 285 1632 duceris
306 1592 454 1644 planta
475 1592 595 1631 velut
616 1591 728 1630 ictus
750 1592 801 1631 ab
825 1591 1012 1631 Hercule
1037 1591 1173 1631 Cacus

119 1661 159 1696 et
181 1670 338 1709 ponere
360 1656 478 1702 foris,
505 1656 538 1695 si
562 1656 664 1708 quid
686 1656 964 1708 temptaveris
986 1669 1189 1708 umquam

118 1722 293 1768 hiscere,
317 1725 538 1773 tamquam
559 1721 715 1760 habeas
737 1721 819 1760 tria
840 1721 1028 1760 nomina.
1091 1721 1262 1773 quando
1283 1721 1486 1773 propinat

118 1787 243 1825 Virro
265 1786 344 1825 tibi
366 1786 550 1825 sumitve
571 1785 659 1825 tuis
682 1788 881 1825 contacta
901 1786 1068 1825 labellis

119 1851 271 1902 pocula
290 1851 308 1891 ?
363 1851 457 1903 quis
475 1853 666 1890 vestrum
688 1851 941 1890 temerarius
964 1864 1098 1902 usque
1120 1851 1240 1898 adeo,
1265 1850 1359 1902 quis

118 1917 324 1967 perditus,
350 1919 398 1955 ut
421 1916 536 1955 dicat
559 1916 647 1968 regi
674 1920 686 1936 ‘
702 1916 798 1956 bibe
821 1916 830 1934 ’
853 1915 871 1955 Ρ
926 1916 1111 1968 plurima
1132 1919 1233 1954 sunt
1255 1927 1362 1967 quae

118 1995 203 2020 non
225 1981 386 2020 audent
406 1981 601 2020 homines
623 1984 797 2033 pertusa
819 1981 958 2020 dicere
978 1981 1113 2020 laena.

118 2046 432 2097 quadringenta
454 2046 532 2085 tibi
557 2046 589 2085 si
612 2046 706 2098 quis
729 2046 832 2085 deus
854 2049 929 2085 aut
950 2045 1099 2085 similis
1121 2045 1185 2084 dis

118 2114 159 2149 et
182 2110 329 2149 melior
350 2110 451 2150 fatis
474 2111 652 2149 donaret
674 2110 920 2158 homuncio,
947 2113 1149 2162 quantus,

118 2188 167 2214 ex
188 2175 323 2213 nihilo
345 2179 532 2226 quantus
554 2176 673 2214 fieres
696 2175 891 2215 Virronis
912 2175 1086 2214 amicus.

120 2243 131 2259 ‘
149 2240 201 2278 da
223 2238 391 2286 Trebio,
417 2252 527 2291 pone
549 2239 601 2278 ad
624 2239 840 2278 Trebium.
904 2239 980 2287 vis,
1005 2239 1152 2286 frater,
1177 2238 1229 2277 ab
1250 2238 1352 2290 ipsis

116 2304 243 2342 ilibus
264 2303 305 2342 ‚⁹⁹
362 2316 385 2342 o
407 2303 587 2350 nummi,
612 2304 730 2343 vobis
752 2303 867 2343 hunc
890 2307 1078 2356 praestat
1099 2303 1319 2351 honorem,

116 2381 187 2407 vos
209 2367 309 2407 estis
330 2367 497 2407 fratres.
560 2368 757 2408 dominus
778 2371 923 2408 tamen
945 2372 987 2408 et
1009 2367 1170 2408 domini
1191 2381 1264 2407 rex

116 2432 147 2471 si
172 2432 233 2471 vis
253 2436 302 2471 tu
324 2432 428 2479 fieri,
453 2432 598 2472 nullus
619 2432 699 2490 tibi
720 2433 919 2485 parvolus
940 2433 1037 2473 aula

1498 296 1575 335 105

1497 621 1575 659 110

1497 945 1574 984 115

1497 1269 1575 1307 120

1497 1594 1573 1632 125

1491 1916 1569 1955 130

1494 2239 1569 2278 135
