1778 2693
736 102 910 131 SATVRA
945 101 1034 129 XIII

157 215 272 242 nunc
291 204 403 242 aetas
422 202 564 255 agitur
583 202 807 255 peioraque
828 202 993 242 saccula.
1012 201 1113 242 ferri

157 267 431 320 temporibus,
456 280 637 320 quorum
658 268 803 307 sceleri
826 281 912 307 non
933 267 1096 306 invenit
1117 267 1208 319 ipsa

155 345 310 372 nomen
331 336 373 372 et
392 346 416 372 a
437 333 554 372 nullo
574 333 715 385 posuit
737 337 890 372 natura
909 333 1091 372 metallo.

155 411 231 438 nos
250 398 472 438 hominum
494 399 724 451 divumque
746 399 872 438 fidem
893 399 1073 438 clamore
1094 398 1265 445 ciemus‚

155 467 314 515 quanto
335 464 574 504 Faesidium
595 464 741 504 laudat
763 465 914 504 vocalis
934 467 1128 516 agentem

154 529 374 580 sportula?
429 530 511 577 dic,
536 530 674 569 senior
695 530 810 569 bulla
829 529 1089 581 dignissime,
1115 530 1247 568 nescis

154 606 256 645 quas
277 594 428 634 habeat
447 608 617 634 veneres
636 595 772 634 aliena
792 595 972 648 pecunia
986 596 1004 633 ¹?
1063 594 1195 636 nescis

153 671 278 710 quem
301 662 373 700 tna
393 660 640 713 simplicitas
662 661 790 700 risum
815 661 938 712 vulgo
960 663 1137 707 moveat,
1162 673 1258 698 cum

153 723 286 777 exigis
305 738 329 764 a
351 738 563 777 quoquam
584 739 636 765 ne
656 726 814 778 peieret
833 730 874 765 et
896 728 1021 778 putet
1041 725 1140 764 ullis

151 802 237 829 esse
256 790 427 842 aliquod
449 804 607 830 numen
628 791 798 843 templis
817 804 995 843 araeque
1017 791 1220 830 rubenti?

152 855 364 906 quondam
386 855 465 895 hoc
488 856 709 908 indigenae
730 856 928 896 vivebant
950 869 1077 903 more,
1102 855 1348 908 priusquam

151 923 334 960 sumeret
353 924 559 973 agrestem
580 921 715 974 posito
735 921 973 961 diademate
994 921 1145 961 falcem

152 984 361 1025 Saturnus
380 987 563 1038 fugiens,
587 990 691 1026 tunc
711 1000 809 1026 cum
830 986 1083 1039 virguncula
1103 986 1213 1025 Iuno

151 1052 194 1090 et
214 1051 406 1103 privatus
424 1051 564 1092 adhuc
586 1052 722 1092 Idaeis
743 1052 939 1105 Iuppiter
958 1052 1107 1100 antris,

151 1116 270 1156 nulla
289 1130 414 1169 super
434 1117 566 1157 nubes
585 1117 778 1158 convivia
797 1118 1089 1157 caelicolarum

149 1194 227 1222 nec
246 1195 352 1234 puer
372 1182 526 1222 Iliacus
545 1183 760 1223 formonsa
782 1197 856 1223 nec
878 1183 1076 1223 Herculis
1096 1196 1202 1223 uxor

149 1247 202 1287 ad
223 1248 407 1300 cyathos,
431 1248 558 1288 etiam
580 1249 732 1288 siccato
753 1252 920 1288 nectare
945 1251 1110 1300 tergens

148 1312 343 1352 bracchia
362 1313 581 1353 Vulcanus
604 1314 803 1366 Liparaea
824 1314 945 1366 nigra
965 1314 1151 1361 taberna,

148 1378 382 1430 prandebat
402 1378 479 1418 sibi
502 1379 678 1431 quisque
698 1380 815 1427 deus,
839 1392 915 1419 nec
936 1379 1061 1418 turba
1081 1379 1253 1419 deorum

149 1443 244 1483 talis
263 1446 313 1482 ut
332 1446 394 1483 est
413 1443 552 1489 hodie,
577 1447 858 1496 contentaque
878 1444 1013 1484 sidera
1033 1444 1177 1496 paucis

148 1508 397 1548 numinibus
416 1509 617 1549 miserum
638 1510 879 1561 urguebant
899 1510 1077 1549 Atlanta
1097 1509 1252 1549 minori

146 1574 348 1627 pondere,
372 1575 564 1614 nondum
585 1575 738 1627 aliquis
758 1575 933 1614 sortitus
953 1575 1074 1614 triste
1095 1575 1300 1627 profundi

148 1638 375 1692 imperium
397 1643 471 1680 aut
492 1640 632 1680 Sicula
652 1643 797 1680 torvus
817 1654 914 1680 cum
935 1640 1114 1692 coniuge
1136 1641 1309 1689 Pluton,

147 1717 223 1744 nec
243 1707 334 1744 rota
355 1718 430 1744 nec
451 1705 604 1744 Furiae
624 1718 701 1745 nec
721 1719 869 1744 saxum
890 1709 965 1745 aut
985 1705 1170 1744 vulturis
1190 1705 1272 1745 atri

145 1782 295 1822 poena,
319 1770 389 1810 sed
411 1770 592 1810 infernis
612 1770 764 1810 hilares
785 1771 873 1810 sine
894 1771 1063 1823 regibus
1085 1771 1271 1811 umbrae.

146 1834 380 1887 inprobitas
400 1834 473 1875 illo
493 1835 580 1874 fuit
599 1835 859 1875 admirabilis
878 1849 992 1884 aevo,

145 1899 372 1939 credebant
392 1913 475 1952 quo
495 1901 653 1953 grande
675 1901 793 1940 nefas
813 1904 854 1941 et
874 1905 1009 1941 morte
1029 1901 1235 1953 piandum

145 1963 180 2004 si
200 1964 364 2005 iuvenis
385 1965 527 2006 vetulo
546 1979 633 2005 non
653 1966 950 2006 adsurrexerat
970 1969 1013 2005 ct
1032 1966 1064 2006 si

144 2029 318 2070 barbato
338 2030 592 2083 cuicumque
611 2044 733 2084 puer,
757 2031 855 2071 licet
876 2031 963 2084 ipse
983 2031 1146 2072 videret

145 2095 269 2148 plura
289 2095 403 2135 domi
424 2096 544 2148 fraga
563 2101 606 2136 et
626 2097 803 2136 maiores
823 2097 990 2149 glandis
1010 2110 1196 2147 acervos3

146 2163 234 2200 tam
256 2161 489 2201 venerabile
508 2165 597 2201 erat
618 2163 864 2214 praecedere
886 2166 1089 2214 quattuor
1109 2162 1246 2212 annis,

146 2227 366 2279 primaque
386 2240 462 2279 par
481 2228 583 2267 adeo
604 2241 741 2268 sacrae
760 2228 918 2280 lanugo
940 2232 1142 2268 senectae.

146 2305 261 2331 nunc
281 2292 315 2331 si
336 2292 575 2344 depositum
596 2307 681 2333 non
703 2293 914 2334 infitietur
933 2294 1107 2341 amicus,

147 2356 181 2397 si
202 2357 352 2397 reddat
371 2361 553 2399 veterem
575 2372 671 2399 cum
694 2362 783 2399 tota
802 2359 1003 2411 aerugine
1024 2359 1184 2408 follem,

147 2422 386 2475 prodigiosa
406 2423 510 2464 fides
530 2426 574 2464 et
594 2423 743 2464 Tuscis
764 2424 894 2476 digna
913 2424 1066 2464 libellis

1567 106 1621 147 93

1570 337 1621 375 30

1567 992 1677 1029 40-

1565 1646 1615 1683 50

1563 1972 1612 2009 55

1563 2299 1614 2335 60
