1778 2693
195 175 246 216 72
682 176 721 205 D.
758 177 883 206 IVNII
914 178 1167 210 IVVENALIS

192 275 330 314 iamne
352 275 483 326 igitur
503 276 647 316 laudas
668 278 778 328 quod
800 278 850 317 de
871 279 1127 331 sapientibus
1147 281 1252 321 alter

193 339 367 387 ridebat,
393 341 585 392 quotiens
606 342 656 380 de
678 342 821 381 limine
842 347 1030 382 moverat
1050 357 1182 384 unum

192 406 507 457 protuleratque
529 406 691 458 pedem,
718 407 840 446 flebat
860 409 1095 449 contrarius
1113 413 1290 451 auctor?

192 470 258 508 sed
284 470 419 509 facilis
439 471 571 509 cuivis
593 471 717 522 rigidi
739 485 912 512 censura
932 474 1148 514 cachinni:

194 535 432 574 mirandum
455 540 517 574 est
538 537 650 575 unde
672 536 742 576 ille
763 538 895 577 oculis
915 540 1129 579 suffecerit
1151 554 1284 581 umor.

192 604 393 651 perpetuo
415 601 499 639 risu
520 601 764 653 pulmonem
787 603 943 654 agitare
964 605 1120 645 solebat

195 665 472 712 Democritus,
497 679 752 718 quamquam
776 681 859 707 non
881 672 1017 708 essent
1038 670 1212 710 urbibus
1232 671 1316 712 illis

192 733 428 782 praetextae
437 731 613 772 ,trabeae
623 733 763 780 ,fasces
775 733 931 785 ,lectica
940 735 1063 785 ,tribu
1070 736 1150 775 nal.

191 795 290 846 quid
314 795 346 834 si
368 795 537 835 vidisset
557 800 790 848 praetorem
812 799 1004 839 curribus
1023 800 1120 839 altis

190 864 403 899 extantem
424 863 465 899 et
486 861 612 900 medii
633 862 856 902 sublimem
877 864 1048 915 pulvere
1068 865 1168 917 circi

190 924 232 962 in
257 925 399 964 tunica
418 925 529 965 Iovis
549 929 590 965 et
610 927 745 979 pictae
771 928 948 968 Sarrana
967 929 1173 970 ferentem

189 1003 238 1028 ex
259 990 416 1029 umeris
435 991 580 1030 aulaea
601 997 719 1043 togae
740 1006 999 1045 magnaeque
1019 1007 1194 1035 coronae

191 1058 358 1093 tantum
379 1055 535 1104 orbem,
561 1061 719 1107 quanto
739 1058 879 1096 cervix
900 1071 986 1098 non
1007 1060 1162 1099 sufficit
1181 1061 1301 1101 ulla?

190 1119 345 1171 quippe
366 1123 483 1159 tenet
503 1121 657 1160 sudans
678 1122 786 1161 hanc
806 1123 1014 1174 publicus,
1039 1128 1082 1163 et
1102 1125 1179 1164 sibi
1200 1127 1345 1167 consul

188 1197 241 1223 ne
261 1185 436 1234 placeat,
460 1198 586 1224 curru
608 1199 749 1226 servus
769 1190 963 1238 portatur
983 1189 1145 1228 eodem.

188 1246 239 1285 da
261 1259 375 1286 1111110
396 1250 439 1286 et
460 1248 685 1296 volucrem,
709 1254 872 1301 sceptro
893 1263 998 1301 quae
1019 1252 1154 1303 surgit
1174 1253 1347 1302 eburno,

188 1311 305 1351 illinc
326 1312 570 1360 cornicines,
593 1313 694 1352 hinc
715 1315 1008 1366 praecedentia
1026 1316 1142 1368 longi

187 1377 367 1427 agminis
388 1378 521 1416 officia
541 1381 583 1417 et
603 1379 744 1418 niveos
765 1380 817 1418 ad
837 1380 957 1419 frena
979 1381 1176 1430 Quirites,

188 1442 351 1481 defossa
372 1442 415 1480 in
435 1443 593 1482 loculos
614 1457 716 1495 quos
737 1445 924 1497 sportula
943 1445 1047 1485 fecit
1066 1447 1234 1488 amicos.

187 1511 290 1546 tunc
312 1521 478 1559 quoque
497 1508 716 1548 materiam
736 1509 842 1548 risus
863 1509 1026 1549 invenit
1045 1512 1095 1550 ad
1119 1513 1255 1553 omnis

187 1585 381 1611 occursus
402 1573 637 1631 hominum,
661 1573 781 1613 cuius
801 1575 1028 1626 prudentia
1048 1580 1255 1618 monstrat

187 1650 370 1676 summos
390 1650 507 1689 posse
529 1638 637 1677 viros
657 1641 699 1678 et
718 1652 871 1690 magna
890 1641 1082 1693 exempla
1102 1642 1273 1704 daturos

187 1715 403 1741 vervecum
426 1702 471 1740 in
493 1703 629 1754 patria
648 1716 866 1755 crassoque
887 1705 962 1744 sub
983 1719 1075 1745 aere
1095 1707 1220 1747 nasci.

186 1766 347 1805 ridebat
367 1780 486 1806 curas
508 1781 583 1807 nec
602 1781 686 1807 non
708 1771 750 1807 et
770 1769 923 1820 gaudia
944 1770 1074 1822 vulgi,

186 1831 401 1870 interdum
422 1835 463 1870 et
483 1832 688 1880 lacrimas,
712 1846 808 1872 cum
830 1834 1043 1874 Fortunae
1063 1835 1150 1887 ipse
1171 1837 1324 1877 minaci

185 1896 404 1935 mandaret
424 1896 619 1948 laqueum
642 1898 912 1949 mediumque
933 1900 1171 1940 ostenderet
1191 1915 1391 1953 unguem.

238 1973 335 2012 ergo
356 1974 613 2012 supervacua
632 1966 706 2001 aut
727 1963 960 2015 perniciosa
979 1968 1200 2016 petuntur,
1257 1970 1312 1993 M
1324 1987 1326 1990 >
1355 1973 1450 2011 das-“2

184 2028 357 2077 propter
378 2039 482 2077 quae
503 2026 566 2066 fas
586 2033 647 2066 est
667 2040 804 2078 genua
824 2028 1009 2068 incerare
1029 2029 1216 2069 deorum.

186 2090 386 2140 quosdam
408 2091 659 2143 praecipitat
679 2092 863 2132 subiecta
884 2093 1074 2144 potentia
1094 2107 1269 2146 magnae

184 2154 380 2202 invidiae,
404 2156 559 2207 mergit
579 2156 704 2208 longa
724 2160 851 2208 atque
870 2157 1049 2209 insignis
1068 2158 1277 2199 honorum

183 2220 348 2271 pagina.
410 2221 672 2261 descendunt
692 2226 853 2262 statuae
874 2226 1110 2275 restemque
1130 2228 1379 2276 sequuntur,

184 2284 292 2336 ipsas
312 2285 462 2325 deinde
483 2290 593 2326 rotas
614 2287 806 2339 bigarum
828 2288 997 2338 inpacta
1018 2288 1173 2328 securis

184 2349 319 2388 caedit
339 2354 380 2389 et
399 2350 608 2390 inmeritis
628 2352 888 2403 franguntur
907 2342 1029 2392 crura
1049 2353 1230 2401 caballis,

183 2413 266 2452 iam
287 2414 467 2453 strident
488 2415 618 2466 ignes,
644 2416 726 2455 iam
747 2417 920 2456 follibus
940 2420 1066 2469 atque
1086 2418 1261 2458 caminis

183 2478 302 2518 ardet
321 2479 542 2518 adoratum
562 2480 719 2532 populo
739 2484 866 2533 caput
886 2484 929 2521 et
948 2484 1090 2534 crepat
1110 2482 1259 2534 ingens

1599 417 1651 456 30

1599 742 1650 780 35

1599 1067 1651 1106 40

1597 1391 1648 1427 45

1596 1715 1647 1752 50

1595 2038 1645 2075 55

1612 2287 1668 2322 ,Ωίχ

1595 2359 1646 2398 60
1671 2345 1676 2348 ’
