1778 2693
711 139 888 168 suvia
919 139 969 167 vi
1515 138 1563 180 35

102 239 408 288 Gracchorum,
429 239 461 279 si
484 253 581 279 eum
604 240 770 291 magnis
791 239 1027 279 virtutibus
1048 240 1190 280 adfers

100 305 262 357 grande
283 304 561 357 supercilium
584 308 626 343 et
648 318 847 344 numeras
869 305 913 344 in
935 305 1034 343 dote
1057 305 1312 356 triumphos.

100 370 204 410 tolle
224 372 365 417 tuum,
389 383 553 422 precor,
580 369 870 409 Hannibalem
891 370 1142 422 victumque
1166 369 1404 421 Syphacem
1489 371 1566 409 170

100 435 145 474 in
166 434 315 475 castris
337 436 379 474 et
401 448 499 475 cum
520 437 613 474 tota
637 434 897 487 Carthagine
919 435 1067 486 migra.

103 505 113 521 ‘
129 513 268 553 parce,
292 513 456 553 precor,
482 500 636 547 Paean,
661 503 703 539 et
724 503 786 548 tu,
813 500 904 547 dea,
928 513 1038 552 pone
1059 499 1237 551 sagittas
1259 520 1269 549 5

99 565 161 604 nil
183 565 304 618 pueri
326 565 508 615 faciunt,
531 565 666 617 ipsam
688 565 890 618 configite
911 568 1092 605 matrem
1108 564 1120 581 ’

100 630 320 682 Amphion
343 630 511 670 clamat.
574 630 647 670 sed
671 630 810 669 Paean
832 630 1050 670 contrahit
1068 644 1215 669 areum
1233 644 1242 679 ;

100 695 258 735 extulit
280 708 380 748 ergo
401 709 549 748 greges
571 699 773 735 natorum
794 695 1021 748 ipsumque
1042 698 1279 748 parentem,
1490 696 1566 735 175

98 760 203 799 dum
226 760 306 800 sibi
328 760 513 800 nobilior
535 760 725 800 Latonae
751 763 878 812 gente
899 760 1070 800 videtur

99 828 229 878 atque
251 826 397 866 eadem
419 826 558 865 scrofa
579 826 717 866 Niobe
738 825 966 865 fecundior
987 825 1093 865 alba.

100 904 207 944 quae
227 890 340 930 tanti
362 891 562 943 gravitas,
588 904 695 944 quae
717 891 869 938 forma,
895 894 945 930 ut
967 904 1008 930 se
1031 890 1110 930 tibi
1132 903 1298 944 semper

99 955 288 1008 imputet
308 955 325 995 ?
381 955 510 995 huius
532 956 646 995 enim
667 956 750 995 rari
772 955 1014 1008 summique
1035 955 1233 1008 voluptas

99 1020 219 1060 nulla
234 1020 351 1068 boni,
377 1020 577 1073 quotiens
598 1021 740 1061 animo
762 1024 965 1073 corrupta
987 1020 1171 1073 superbo
1491 1021 1568 1060 180

98 1085 196 1138 plus
217 1086 329 1126 aloes
351 1100 481 1139 quam
502 1086 640 1125 mellis
661 1085 803 1126 habet.
863 1086 958 1138 quis
981 1086 1154 1125 deditus
1176 1088 1322 1125 autem

99 1164 235 1204 usque
255 1151 360 1191 adeo
383 1154 460 1199 est,
487 1154 536 1190 ut
556 1165 644 1191 non
666 1151 784 1191 illam
805 1165 934 1204 quam
955 1151 1157 1191 laudibus
1180 1152 1318 1198 effert,

99 1215 271 1256 horreat
288 1216 418 1270 inque
440 1217 553 1256 diem
576 1216 764 1269 septenis
787 1217 926 1256 oderit
947 1216 1065 1256 horis
1085 1216 1102 1256 ?

154 1282 363 1334 quaedam
383 1295 514 1335 parva
535 1282 722 1335 quidem,
748 1282 820 1321 sed
843 1296 930 1322 non
951 1282 1175 1321 toleranda
1195 1281 1374 1321 maritis.

97 1360 198 1386 nam
219 1347 324 1400 quid
344 1347 576 1395 rancidius,
603 1361 731 1400 quam
753 1347 868 1400 quod
889 1361 931 1387 se
953 1360 1040 1387 11011
1061 1350 1188 1400 putat
1211 1347 1298 1386 ulla
1491 1348 1540 1386 18

98 1412 330 1452 formosam
350 1412 432 1452 nisi
455 1426 563 1465 quae
585 1413 636 1452 de
659 1412 798 1452 Tusca
821 1412 1032 1452 Graecula
1051 1413 1168 1451 facta
1190 1415 1268 1459 est,

100 1477 153 1516 de
177 1476 451 1517 Sulmonensi
473 1491 588 1517 mera
611 1477 810 1529 Cecropis
831 1477 848 1517 Ρ
891 1477 1034 1517 omnia
1056 1478 1229 1524 Graece,

99 1555 199 1582 eum
220 1542 276 1581 sit
298 1545 424 1595 turpe
446 1542 580 1595 magis
601 1542 760 1582 nostris
782 1542 944 1582 nescire
966 1542 1119 1582 Latine
1137 1556 1148 1592 ;

98 1607 180 1647 1100
202 1621 397 1647 sermone
418 1610 592 1660 pavent,
616 1607 698 1648 1100
719 1607 826 1647 iram
847 1607 1005 1659 gaudia
1026 1621 1162 1656 curas,

97 1671 180 1713 1100
202 1676 359 1719 cuneta
381 1673 615 1712 effundunt
636 1672 768 1712 animi
791 1676 963 1712 secreta.
1030 1672 1134 1725 quid
1151 1673 1266 1712 ultra
1284 1673 1302 1713 Ρ
1493 1675 1570 1712 190

101 1738 398 1778 concumbunt
422 1738 591 1777 Graece.
657 1737 790 1777 dones
812 1740 957 1777 tamen
979 1737 1061 1777 ista
1082 1738 1236 1790 puellis
1257 1752 1266 1777 t

100 1806 205 1843 tune
228 1803 371 1851 etiam,
393 1817 521 1856 quam
543 1805 686 1843 sextus
708 1806 750 1842 et
772 1802 1088 1855 octogensimus
1110 1816 1247 1842 annus

99 1867 255 1921 pulsat,
281 1867 422 1907 adhue
445 1867 603 1908 Graece
624 1867 641 1908 Ρ
687 1881 774 1908 11011
796 1871 857 1907 est
880 1867 949 1907 hie
972 1880 1107 1907 sermo
1129 1867 1312 1919 pudieus

100 1933 144 1972 111
168 1933 322 1972 vetula.
387 1933 584 1985 quotiens
605 1933 814 1973 lascivum
837 1932 1073 1972 intervenit
1094 1932 1203 1972 illud

100 1999 174 2049 ζωὴ
195 1999 253 2036 καὶ
273 1998 384 2050 ψυχή,
407 1998 532 2038 modo
555 1999 633 2038 sub
654 1998 792 2038 lodice
810 1998 970 2037 relictis
1492 2000 1568 2038 195

101 2065 235 2104 uteris
257 2064 300 2103 in
322 2065 462 2104 turba.
525 2064 639 2116 quod
662 2063 776 2103 enim
798 2077 886 2103 11011
909 2063 1067 2102 excitet
1089 2062 1251 2115 inguen

102 2143 183 2170 vox
203 2130 360 2170 blanda
380 2132 423 2169 et
444 2142 628 2181 nequam
649 2128 666 2168 5³
714 2129 872 2180 digitos
896 2128 1037 2167 habet.
1101 2131 1149 2167 ut
1172 2131 1316 2168 tamen
1339 2141 1484 2168 omnes

103 2195 327 2235 subsidant
348 2195 519 2248 pinnae,
545 2194 659 2233 dicas
681 2194 784 2233 haee
810 2193 980 2232 mollius
1006 2192 1167 2232 Haemo

103 2273 360 2313 quamquam
383 2263 425 2299 et
449 2260 738 2312 Carpophoro,
765 2259 894 2297 faeies
918 2262 992 2297 tua
1013 2261 1223 2310 conputat
1243 2272 1390 2298 annos.

157 2325 191 2365 si
213 2325 291 2365 tibi
313 2325 518 2377 legitimis
540 2328 709 2377 pactam
733 2325 1012 2375 iunctamque
1035 2323 1203 2362 tabellis
1493 2325 1570 2362 200

103 2403 191 2430 non
213 2403 255 2430 es
276 2393 510 2437 amaturus,
536 2389 723 2429 ducendi
747 2389 866 2428 nulla
889 2389 1062 2428 videtur

105 2467 244 2502 causa,
268 2467 347 2495 neo
371 2457 434 2495 est
456 2467 586 2509 quare
609 2467 757 2494 cenam
780 2458 820 2493 et
844 2456 1061 2492 mustacea
1084 2453 1235 2506 perdas

1544 1349 1566 1385 0(
