1778 2693
700 137 876 166 SATVRA
908 136 956 164 vl

92 241 253 289 Maura,
279 239 513 280 Pudicitiae
535 240 718 278 veterem
740 251 834 278 cun]
859 236 1062 290 praeterit
1080 250 1210 278 aram.

92 307 283 347 noctibus
305 305 373 345 hic
393 306 561 357 ponunt
582 304 763 351 lecticas,
789 303 1044 343 micturiunt
1064 303 1132 343 hic

89 372 352 425 effigiemque
373 371 472 410 deae
492 369 629 421 longis
650 369 898 420 siphonibus
920 369 1099 421 implent

90 439 215 490 inque
239 437 346 476 vices
366 436 560 487 equitant
580 448 626 474 ac
648 435 771 474 Luna
790 438 896 474 teste
917 438 1155 483 moventur,

88 504 186 544 iude
206 504 351 543 domos
370 502 547 541 abeunt:
579 504 625 540 tu
648 501 780 540 calcas
800 501 892 540 luce
914 514 1074 541 reversa

87 569 276 621 coniugis
298 568 464 607 urinam
487 579 661 618 magnos
683 567 848 606 visurus
868 566 1036 606 amicos.

89 638 187 674 nota
208 635 338 675 bonae
360 637 516 674 secreta
537 634 650 681 deae,
676 646 771 672 cuni
796 632 898 672 tibia
918 632 1083 671 lumbos

88 699 237 740 incitat
256 703 298 740 et
319 713 449 739 cornu
470 699 628 752 pariter
649 698 828 750 vinoque
850 698 1049 737 feruntur

87 766 291 805 attonitae
312 765 554 817 crinemque
575 766 717 804 rotant
740 763 990 814 ululantque
1013 761 1154 815 Priapi

86 831 320 870 maenades.
383 844 407 870 o
428 833 611 883 quantus
632 832 736 868 tunc
758 828 841 868 illis
862 827 1075 867 mentibus
1096 827 1219 867 ardor

87 895 349 943 concubitus,
375 909 479 947 quae
501 909 578 935 vox
600 895 778 934 saltante
799 893 990 940 libidine,
1015 895 1198 945 quantus

87 960 157 1002 ille
178 961 282 1000 meri
303 961 455 1001 veteris
475 974 548 1013 per
569 973 691 1000 crura
712 958 925 998 madentia
947 961 1123 997 torrens.

85 1026 287 1066 lenonum
309 1026 481 1066 ancillas
502 1026 637 1078 posita
660 1024 829 1065 Saufeia
850 1037 1002 1064 corona

85 1094 284 1144 provocat
303 1105 350 1132 ac
370 1091 485 1132 tollit
505 1090 729 1144 pendentis
749 1089 934 1141 praemia
954 1102 1093 1137 coxae,

85 1157 174 1210 ipsa
195 1157 453 1197 Medullinae
474 1156 651 1196 fluctum
673 1155 866 1195 crisantis
886 1154 1051 1203 adorat3

84 1222 225 1275 palma
244 1222 354 1263 inter
375 1222 566 1262 dominas
589 1221 722 1261 virtus
744 1220 954 1260 natalibus
974 1233 1116 1272 aequa.

85 1288 144 1327 nil
168 1287 223 1328 ibi
246 1301 321 1341 per
341 1288 493 1327 ludum
514 1286 796 1333 simulabitur,
821 1285 962 1325 omnia
984 1285 1086 1324 fient

83 1354 136 1393 ad
158 1367 318 1402 verum,
343 1354 495 1406 quibus
515 1352 683 1392 incendi
704 1351 787 1391 iam
808 1351 991 1402 frigidus
1011 1363 1111 1389 aevo

84 1418 463 1459 Laomedontiades
482 1422 524 1458 et
545 1417 735 1457 Nestoris
755 1416 903 1456 hirnea
922 1416 1064 1468 possit.

84 1487 187 1524 tunc
207 1484 382 1537 prurigo
403 1497 542 1524 morae
562 1482 788 1534 inpatiens,
812 1484 905 1521 tum
926 1480 1085 1520 femina
1105 1479 1295 1533 simplex,

83 1563 130 1590 ac
150 1550 309 1603 pariter
331 1553 419 1589 toto
440 1549 644 1601 repetitus
665 1547 821 1587 clamor
842 1547 892 1586 ab
913 1549 1035 1585 antro

87 1615 193 1655 ‘iam
217 1616 281 1655 fas
301 1618 376 1662 est,
400 1614 578 1654 admitte
598 1613 741 1653 viros.’
801 1612 883 1651 iam
905 1611 1062 1651 dormit
1083 1610 1268 1650 adulter:

84 1681 156 1721 illa
177 1681 292 1720 iubet
313 1682 482 1732 sumpto
504 1679 697 1718 iuvenem
718 1690 940 1730 properare
961 1676 1146 1724 cucullo;

84 1746 116 1786 si
140 1746 247 1786 nihil
268 1748 344 1794 est,
368 1745 497 1790 servis
518 1743 770 1792 incurritur3
801 1741 1023 1782 abstuleris
1044 1754 1158 1793 spem

83 1825 312 1858 servorum,
337 1810 452 1850 venit
472 1812 514 1850 et
534 1810 768 1849 conductus
789 1808 1005 1860 aquarius3
1037 1807 1106 1846 hic
1127 1806 1159 1846 si

85 1877 302 1930 quaeritur
321 1879 363 1916 et
383 1876 537 1915 desunt
557 1874 762 1922 homines,
786 1887 901 1913 mora
922 1872 1040 1912 nulla
1059 1885 1135 1924 pcr
1156 1871 1288 1924 ipsam

85 1955 168 1995 quo
190 1942 331 1981 minus
352 1940 548 1994 imposito
568 1940 736 1980 clunem
758 1938 998 1979 summittat
1018 1937 1154 1977 asello.

84 2010 211 2060 atque
231 2007 396 2046 utinam
418 2005 525 2045 ritus
545 2008 703 2046 veteres
723 2008 765 2044 et
785 2004 954 2057 publica
975 2003 1123 2042 saltem

85 2072 151 2113 his
171 2073 330 2112 intacta
350 2071 470 2111 malis
489 2074 714 2123 agerentur
735 2083 862 2117 sacra,
886 2069 955 2108 sed
979 2081 1121 2107 omues

84 2140 296 2178 noverunt
317 2137 455 2176 Mauri
476 2140 602 2188 atque
625 2136 721 2175 Indi
744 2148 848 2187 quae
870 2133 1043 2186 psaltria
1063 2146 1212 2186 penem

85 2203 299 2251 maiorem,
324 2215 448 2254 quain
471 2204 571 2241 sunt
591 2201 674 2240 duo
697 2199 882 2240 Caesaris
903 2198 1192 2246 Anticatones,

85 2268 202 2316 illuc,
226 2267 410 2308 testiculi
432 2267 508 2306 sibi
530 2266 720 2306 conscius
741 2265 853 2304 unde
874 2264 988 2316 sugit
1009 2277 1116 2311 mus,

86 2333 294 2381 intulerit,
320 2333 390 2372 ubi
413 2332 537 2372 velari
560 2331 728 2384 pictura
750 2331 919 2370 iubetur

87 2411 375 2451 quaecumque
396 2397 567 2437 alterius
588 2410 708 2436 sexus
730 2396 894 2435 imitata
915 2396 1080 2447 figuras.

85 2466 129 2504 et
148 2463 242 2516 quis
262 2467 366 2504 tunc
385 2462 608 2503 hominum
628 2463 896 2514 contemptor
916 2459 1104 2500 numinis
1117 2460 1136 2499 ⁸?
1192 2464 1267 2500 aut
1287 2461 1380 2513 quis

1504 142 1556 184 39

1477 374 1555 410 31«)

1476 698 1553 736 315

1474 1024 1553 1063 320

1473 1352 1550 1390 325

1472 1679 1550 1715 323o

1473 2006 1550 2044 335

1470 2332 1548 2369 340
