1778 2693
727 112 904 163 SA'rx'rRA
935 134 993 162 111

124 247 211 274 non
232 234 400 275 faciunt
422 234 484 273 illi
507 247 612 287 quos
633 234 826 274 vicimus.
889 238 931 274 et
952 238 1097 274 tamen
1119 248 1230 275 unus

125 300 354 339 Armenius
376 299 543 339 Zalaces
566 299 734 338 cunctis
758 303 957 339 narratur
978 300 1152 352 ephebis

125 365 291 404 mollior
311 365 478 404 ardenti
501 378 588 403 sese
610 364 836 404 indulsisse
859 365 1045 404 tribuno.

122 430 262 482 aspice
284 429 387 482 quid
410 430 571 469 faciant
594 430 848 469 commercia
869 445 876 469 :
908 434 1083 470 venerat
1105 431 1238 479 obses,

123 494 191 534 hic
215 496 324 534 fiunt
346 494 552 534 homines.
615 508 713 534 nam
735 495 767 534 si
791 509 908 535 mora
928 496 1096 548 longior
1118 497 1267 536 urbem

122 559 303 599 indulsit
324 561 480 612 pueris,
506 573 591 599 11011
613 573 849 612 numquam
871 561 982 600 derit
1004 564 1180 600 amator.

123 622 356 661 mittentur
377 622 526 661 bracae
549 622 713 662 cultelli
735 623 857 662 frena
879 623 1095 675 flagellum
1115 637 1124 662 t

122 686 181 726 sic
201 690 492 739 praetextatos
513 687 708 726 referunt
730 688 940 727 Artaxata
961 700 1111 727 mores.

713 850 911 884 SATVRA
943 850 1001 883 III

122 948 325 998 Quamvis
346 949 538 1001 digressu
559 948 714 988 veteris
735 949 941 989 confusus
961 949 1102 1001 amici,

120 1013 250 1053 laudo
270 1017 430 1061 tamen,
455 1013 600 1053 vacuis
621 1013 737 1065 quod
759 1013 903 1053 sedem
927 1014 1055 1066 figere
1078 1013 1226 1054 Cumis

121 1079 310 1119 destinet
330 1082 459 1131 atque
482 1091 617 1117 unum
639 1078 775 1118 civem
797 1079 956 1118 donare
979 1078 1176 1131 Sibyllae.

120 1144 249 1184 ianua
270 1144 471 1184 Baiarum
493 1147 556 1183 est
577 1147 620 1183 et
640 1148 811 1195 gratum
832 1144 938 1184 litus
959 1144 1126 1184 amoeni

120 1222 320 1249 secessus.
383 1222 461 1261 ego
482 1209 548 1248 vel
571 1208 831 1261 Prochytam
852 1222 1069 1262 praepono
1092 1209 1283 1250 Suburae
1304 1224 1314 1259 ;

119 1287 219 1314 nam
241 1274 345 1327 quid
366 1278 455 1313 tam
477 1274 694 1321 miserum,
720 1277 808 1313 tam
829 1275 969 1314 solum
990 1275 1191 1322 vidimus,
1214 1279 1261 1314 ut
1281 1288 1369 1315 non

120 1339 309 1379 deterius
330 1339 476 1379 credas
497 1339 668 1379 horrere
691 1339 903 1387 incendia,
928 1340 1074 1392 lapsus

120 1407 333 1444 tectorum
355 1404 555 1444 adsiduos
575 1417 623 1443 ac
645 1404 761 1443 mille
792 1404 984 1456 pericula
1005 1417 1153 1444 saevae

120 1469 237 1509 urbis
258 1473 301 1509 et
322 1470 521 1522 Augusto
541 1469 773 1509 recitantes
794 1483 938 1509 mense
960 1472 1108 1522 poetas
1130 1469 1148 1509 Ρ

119 1534 193 1574 sed
213 1534 317 1574 dum
338 1538 431 1574 tota
452 1535 603 1574 domus
624 1535 751 1574 raeda
771 1535 1046 1586 componitur
1067 1547 1166 1582 una,

120 1599 314 1639 substitit
335 1600 387 1639 ad
410 1602 572 1639 veteres
592 1612 715 1638 arcus
738 1599 1039 1651 madidamque
1062 1599 1291 1652 Capenam.

119 1663 188 1704 1110
210 1665 283 1704 ubi
305 1668 542 1704 nocturnae
565 1664 709 1703 Numa
730 1664 1024 1703 constituebat
1045 1664 1261 1704 amicae—

118 1742 234 1769 nunc
255 1729 363 1769 sacri
386 1729 518 1769 font-is
538 1742 689 1768 nemus
711 1732 753 1768 ct
774 1729 952 1769 delubra
972 1729 1170 1769 locantur

119 1794 288 1834 Iudaeis
309 1808 490 1847 quorum
513 1794 723 1847 cophinus
744 1794 1007 1846 faenumque
1029 1794 1236 1846 supellex,

118 1859 255 1900 omnis
276 1859 390 1899 enim
411 1859 570 1912 populo
592 1859 831 1905 mercedem
853 1859 1038 1911 pendere
1060 1859 1174 1899 iussa
1194 1861 1259 1899 est

118 1924 241 1964 arbor
261 1928 304 1964 et
325 1925 472 1965 eiectis
493 1924 710 1964 mendicat
733 1924 839 1963 silva
862 1924 1116 1964 Camenis—

118 1989 162 2028 iu
182 1990 336 2029 vallem
358 1989 537 2042 Egeriae
559 1989 857 2029 descendimus
880 1992 922 2028 et
944 1989 1169 2041 speluncas

117 2053 343 2094 dissimiles
364 2054 486 2094 veris.
548 2057 710 2107 quanto
731 2054 999 2106 praesentius
1015 2057 1124 2093 esset

118 2131 277 2159 numen
299 2119 433 2172 aquis,
459 2119 585 2158 viridi
607 2119 640 2158 si
662 2119 855 2171 margine
877 2119 1071 2158 eluderet
1094 2118 1230 2159 undas

116 2182 248 2224 herba
269 2198 345 2224 nec
367 2184 604 2237 ingenuum
627 2184 836 2223 violarent
860 2197 1070 2223 marmora
1093 2184 1247 2224 tofum.

170 2248 240 2289 hic
261 2253 366 2288 tunc
390 2249 635 2289 Vmbricius
660 2252 671 2269 ‘
686 2249 858 2301 quando
880 2249 1067 2288 artibus'
1090 2249 1233 2301 inquit
1257 2249 1472 2290 ‘honestis

117 2313 262 2354 nullus
282 2314 327 2353 in
348 2314 452 2354 urbe
472 2314 605 2361 locus,
630 2314 749 2353 nulla
770 2314 1061 2354 emolumenta
1080 2313 1289 2361 laborum,

116 2391 183 2419 res
202 2378 329 2419 hodie
351 2380 490 2419 minor
512 2384 590 2427 est,
614 2379 714 2419 here
737 2392 866 2432 quam
888 2379 989 2427 fuit,
1014 2383 1144 2432 atque
1166 2380 1313 2419 eadem
1335 2393 1426 2420 cras

118 2442 285 2484 deteret
307 2444 472 2497 exiguis
493 2444 672 2496 aliquid,
693 2443 972 2497 proponimus
993 2444 1096 2484 illuc

1542 137 1583 166 11

1510 368 1588 406 165

1507 689 1587 730 170

1531 1537 1582 1575 10

1530 1862 1580 1901 15

1528 2187 1579 2225 20
