<?xml version="1.0" encoding="UTF-8"?>
<!DOCTYPE html PUBLIC "-//W3C//DTD XHTML 1.0 Transitional//EN"
    "http://www.w3.org/TR/xhtml1/DTD/xhtml1-transitional.dtd">
<html xmlns="http://www.w3.org/1999/xhtml" xml:lang="en" lang="en">
 <head>
  <title>
</title>
<meta http-equiv="Content-Type" content="text/html;charset=utf-8" />
  <meta name='ocr-system' content='tesseract 3.04.00' />
  <meta name='ocr-capabilities' content='ocr_page ocr_carea ocr_par ocr_line ocrx_word'/>
</head>
<body>
  <div class='ocr_page' id='page_1' title='image "./saturarumlibriv00juveuoft_0136.png"; bbox 0 0 1778 2693; ppageno 0'>
   <div class='ocr_carea' id='block_1_1' title="bbox 168 143 1139 188">
    <p class='ocr_par' dir='ltr' id='par_1_1' title="bbox 168 143 1139 188">
     <span class='ocr_line' id='line_1_1' title="bbox 168 143 1139 188; baseline -0.004 -13"><span class='ocrx_word' id='word_1_1' title='bbox 168 145 220 188; x_wconf 82' lang='grc'>54</span> <span class='ocrx_word' id='word_1_2' title='bbox 654 145 694 173; x_wconf 94' lang='lat' dir='ltr'>D.</span> <span class='ocrx_word' id='word_1_3' title='bbox 730 145 855 173; x_wconf 79' lang='lat' dir='ltr'>IVNII</span> <span class='ocrx_word' id='word_1_4' title='bbox 887 143 1139 173; x_wconf 76' lang='lat' dir='ltr'>IVVENALIS</span> 
     </span>
    </p>
   </div>
   <div class='ocr_carea' id='block_1_2' title="bbox 163 242 1427 2505">
    <p class='ocr_par' dir='ltr' id='par_1_2' title="bbox 163 242 1427 688">
     <span class='ocr_line' id='line_1_2' title="bbox 216 242 1179 299; baseline -0.004 -14"><span class='ocrx_word' id='word_1_5' title='bbox 216 250 350 287; x_wconf 75' lang='lat' dir='ltr'>vester</span> <span class='ocrx_word' id='word_1_6' title='bbox 370 258 493 299; x_wconf 85' lang='lat' dir='ltr'>porro</span> <span class='ocrx_word' id='word_1_7' title='bbox 513 245 629 285; x_wconf 91' lang='lat' dir='ltr'>labor</span> <span class='ocrx_word' id='word_1_8' title='bbox 649 244 884 291; x_wconf 77' lang='lat' dir='ltr'>fecundior,</span> <span class='ocrx_word' id='word_1_9' title='bbox 909 242 1179 282; x_wconf 78' lang='lat' dir='ltr'>historiarum</span> 
     </span>
     <span class='ocr_line' id='line_1_3' title="bbox 164 306 1380 364; baseline -0.003 -14"><span class='ocrx_word' id='word_1_10' title='bbox 164 311 384 364; x_wconf 78' lang='lat' dir='ltr'>scriptores</span> <span class='ocrx_word' id='word_1_11' title='bbox 398 313 416 349; x_wconf 76' lang='lat'>⁸?</span> <span class='ocrx_word' id='word_1_12' title='bbox 471 310 582 362; x_wconf 87' lang='lat' dir='ltr'>perit</span> <span class='ocrx_word' id='word_1_13' title='bbox 602 309 670 348; x_wconf 90' lang='lat' dir='ltr'>hic</span> <span class='ocrx_word' id='word_1_14' title='bbox 691 309 786 360; x_wconf 87' lang='lat' dir='ltr'>plus</span> <span class='ocrx_word' id='word_1_15' title='bbox 807 307 1007 360; x_wconf 87' lang='lat' dir='ltr'>temporis</span> <span class='ocrx_word' id='word_1_16' title='bbox 1028 310 1152 359; x_wconf 86' lang='lat' dir='ltr'>atque</span> <span class='ocrx_word' id='word_1_17' title='bbox 1173 306 1251 346; x_wconf 85' lang='lat' dir='ltr'>olei</span> <span class='ocrx_word' id='word_1_18' title='bbox 1272 307 1380 359; x_wconf 88' lang='lat' dir='ltr'>plus.</span> 
     </span>
     <span class='ocr_line' id='line_1_4' title="bbox 164 371 1203 429; baseline -0.006 -13"><span class='ocrx_word' id='word_1_19' title='bbox 164 377 280 415; x_wconf 89' lang='lat' dir='ltr'>nullo</span> <span class='ocrx_word' id='word_1_20' title='bbox 303 376 455 428; x_wconf 81' lang='lat' dir='ltr'>quippe</span> <span class='ocrx_word' id='word_1_21' title='bbox 478 375 600 413; x_wconf 87' lang='lat' dir='ltr'>modo</span> <span class='ocrx_word' id='word_1_22' title='bbox 622 373 874 429; x_wconf 74' lang='lat' dir='ltr'>millensima</span> <span class='ocrx_word' id='word_1_23' title='bbox 894 371 1050 428; x_wconf 81' lang='lat' dir='ltr'>pagina</span> <span class='ocrx_word' id='word_1_24' title='bbox 1067 371 1203 423; x_wconf 79' lang='lat' dir='ltr'>surgit</span> 
     </span>
     <span class='ocr_line' id='line_1_5' title="bbox 163 438 1157 489; baseline -0.007 -8"><span class='ocrx_word' id='word_1_25' title='bbox 163 441 357 481; x_wconf 85' lang='lat' dir='ltr'>omnibus</span> <span class='ocrx_word' id='word_1_26' title='bbox 379 445 421 479; x_wconf 77' lang='lat' dir='ltr'>et</span> <span class='ocrx_word' id='word_1_27' title='bbox 441 439 588 479; x_wconf 88' lang='lat' dir='ltr'>erescit</span> <span class='ocrx_word' id='word_1_28' title='bbox 608 438 743 477; x_wconf 84' lang='lat' dir='ltr'>multa</span> <span class='ocrx_word' id='word_1_29' title='bbox 763 438 962 477; x_wconf 88' lang='lat' dir='ltr'>damnosa</span> <span class='ocrx_word' id='word_1_30' title='bbox 981 449 1157 489; x_wconf 80' lang='lat' dir='ltr'>papyr03</span> 
     </span>
     <span class='ocr_line' id='line_1_6' title="bbox 164 501 1352 557; baseline -0.005 -12"><span class='ocrx_word' id='word_1_31' title='bbox 164 506 220 545; x_wconf 88' lang='lat' dir='ltr'>sic</span> <span class='ocrx_word' id='word_1_32' title='bbox 242 506 390 557; x_wconf 85' lang='lat' dir='ltr'>ingens</span> <span class='ocrx_word' id='word_1_33' title='bbox 413 518 550 544; x_wconf 87' lang='lat' dir='ltr'>rerum</span> <span class='ocrx_word' id='word_1_34' title='bbox 573 516 774 542; x_wconf 87' lang='lat' dir='ltr'>numerus</span> <span class='ocrx_word' id='word_1_35' title='bbox 795 502 911 542; x_wconf 88' lang='lat' dir='ltr'>iubet</span> <span class='ocrx_word' id='word_1_36' title='bbox 931 504 1056 553; x_wconf 88' lang='lat' dir='ltr'>atque</span> <span class='ocrx_word' id='word_1_37' title='bbox 1078 514 1251 553; x_wconf 88' lang='lat' dir='ltr'>operum</span> <span class='ocrx_word' id='word_1_38' title='bbox 1271 501 1352 541; x_wconf 87' lang='lat' dir='ltr'>lex.</span> 
     </span>
     <span class='ocr_line' id='line_1_7' title="bbox 164 567 1427 623; baseline -0.005 -12"><span class='ocrx_word' id='word_1_39' title='bbox 164 585 266 623; x_wconf 87' lang='lat' dir='ltr'>quae</span> <span class='ocrx_word' id='word_1_40' title='bbox 288 574 428 610; x_wconf 86' lang='lat' dir='ltr'>tamen</span> <span class='ocrx_word' id='word_1_41' title='bbox 451 570 548 609; x_wconf 90' lang='lat' dir='ltr'>inde</span> <span class='ocrx_word' id='word_1_42' title='bbox 570 570 716 621; x_wconf 77' lang='lat' dir='ltr'>seges?</span> <span class='ocrx_word' id='word_1_43' title='bbox 773 571 906 608; x_wconf 83' lang='lat' dir='ltr'>terrae</span> <span class='ocrx_word' id='word_1_44' title='bbox 928 568 1021 620; x_wconf 88' lang='lat' dir='ltr'>quis</span> <span class='ocrx_word' id='word_1_45' title='bbox 1040 568 1207 606; x_wconf 79' lang='lat' dir='ltr'>fructus</span> <span class='ocrx_word' id='word_1_46' title='bbox 1227 567 1427 619; x_wconf 84' lang='lat' dir='ltr'>apertae?</span> 
     </span>
     <span class='ocr_line' id='line_1_8' title="bbox 165 631 1303 688; baseline -0.004 -13"><span class='ocrx_word' id='word_1_47' title='bbox 165 636 258 688; x_wconf 86' lang='lat' dir='ltr'>quis</span> <span class='ocrx_word' id='word_1_48' title='bbox 278 636 394 675; x_wconf 88' lang='lat' dir='ltr'>dabit</span> <span class='ocrx_word' id='word_1_49' title='bbox 415 634 614 674; x_wconf 85' lang='lat' dir='ltr'>historico</span> <span class='ocrx_word' id='word_1_50' title='bbox 636 636 843 685; x_wconf 83' lang='lat' dir='ltr'>quantum</span> <span class='ocrx_word' id='word_1_51' title='bbox 864 634 982 672; x_wconf 88' lang='lat' dir='ltr'>daret</span> <span class='ocrx_word' id='word_1_52' title='bbox 1002 635 1093 672; x_wconf 88' lang='lat' dir='ltr'>acta</span> <span class='ocrx_word' id='word_1_53' title='bbox 1113 631 1303 683; x_wconf 86' lang='lat' dir='ltr'>legenti?</span> 
     </span>
    </p>

    <p class='ocr_par' dir='ltr' id='par_1_3' title="bbox 163 695 1407 2505">
     <span class='ocr_line' id='line_1_9' title="bbox 220 695 1407 752; baseline -0.005 -12"><span class='ocrx_word' id='word_1_54' title='bbox 220 704 230 721; x_wconf 88' lang='lat'>‘</span> <span class='ocrx_word' id='word_1_55' title='bbox 245 701 315 740; x_wconf 89' lang='lat' dir='ltr'>sed</span> <span class='ocrx_word' id='word_1_56' title='bbox 335 713 468 752; x_wconf 85' lang='lat' dir='ltr'>genus</span> <span class='ocrx_word' id='word_1_57' title='bbox 488 699 704 751; x_wconf 82' lang='lat' dir='ltr'>ignavum,</span> <span class='ocrx_word' id='word_1_58' title='bbox 729 698 839 749; x_wconf 89' lang='lat' dir='ltr'>quod</span> <span class='ocrx_word' id='word_1_59' title='bbox 862 698 970 737; x_wconf 85' lang='lat' dir='ltr'>lecto</span> <span class='ocrx_word' id='word_1_60' title='bbox 990 697 1145 749; x_wconf 87' lang='lat' dir='ltr'>gaudet</span> <span class='ocrx_word' id='word_1_61' title='bbox 1164 698 1206 735; x_wconf 90' lang='lat' dir='ltr'>et</span> <span class='ocrx_word' id='word_1_62' title='bbox 1226 695 1407 735; x_wconf 86' lang='lat' dir='ltr'>umbra.&#39;</span> 
     </span>
     <span class='ocr_line' id='line_1_10' title="bbox 163 762 1138 817; baseline -0.005 -12"><span class='ocrx_word' id='word_1_63' title='bbox 163 765 230 805; x_wconf 86' lang='lat' dir='ltr'>die</span> <span class='ocrx_word' id='word_1_64' title='bbox 252 765 382 817; x_wconf 84' lang='lat' dir='ltr'>igitur</span> <span class='ocrx_word' id='word_1_65' title='bbox 404 765 503 816; x_wconf 86' lang='lat' dir='ltr'>quid</span> <span class='ocrx_word' id='word_1_66' title='bbox 527 763 747 804; x_wconf 85' lang='lat' dir='ltr'>causidicis</span> <span class='ocrx_word' id='word_1_67' title='bbox 767 762 904 802; x_wconf 77' lang='lat' dir='ltr'>civilia</span> <span class='ocrx_word' id='word_1_68' title='bbox 926 763 1138 815; x_wconf 86' lang='lat' dir='ltr'>praestent</span> 
     </span>
     <span class='ocr_line' id='line_1_11' title="bbox 163 826 1089 881; baseline -0.005 -12"><span class='ocrx_word' id='word_1_69' title='bbox 163 829 297 870; x_wconf 86' lang='lat' dir='ltr'>officia</span> <span class='ocrx_word' id='word_1_70' title='bbox 317 832 358 869; x_wconf 89' lang='lat' dir='ltr'>et</span> <span class='ocrx_word' id='word_1_71' title='bbox 379 842 532 881; x_wconf 86' lang='lat' dir='ltr'>magno</span> <span class='ocrx_word' id='word_1_72' title='bbox 553 828 726 868; x_wconf 79' lang='lat' dir='ltr'>comites</span> <span class='ocrx_word' id='word_1_73' title='bbox 748 828 789 866; x_wconf 91' lang='lat' dir='ltr'>in</span> <span class='ocrx_word' id='word_1_74' title='bbox 811 828 922 866; x_wconf 82' lang='lat' dir='ltr'>fasce</span> <span class='ocrx_word' id='word_1_75' title='bbox 942 826 1089 866; x_wconf 86' lang='lat' dir='ltr'>libelli.</span> 
     </span>
     <span class='ocr_line' id='line_1_12' title="bbox 164 884 1268 947; baseline -0.004 -14"><span class='ocrx_word' id='word_1_76' title='bbox 164 894 242 947; x_wconf 87' lang='lat' dir='ltr'>ipsi</span> <span class='ocrx_word' id='word_1_77' title='bbox 264 908 415 946; x_wconf 85' lang='lat' dir='ltr'>magna</span> <span class='ocrx_word' id='word_1_78' title='bbox 436 897 600 941; x_wconf 89' lang='lat' dir='ltr'>sonant,</span> <span class='ocrx_word' id='word_1_79' title='bbox 625 894 695 933; x_wconf 90' lang='lat' dir='ltr'>sed</span> <span class='ocrx_word' id='word_1_80' title='bbox 717 884 808 932; x_wconf 79' lang='lat' dir='ltr'>tuin</span> <span class='ocrx_word' id='word_1_81' title='bbox 829 905 925 932; x_wconf 91' lang='lat' dir='ltr'>eum</span> <span class='ocrx_word' id='word_1_82' title='bbox 947 891 1129 931; x_wconf 85' lang='lat' dir='ltr'>creditor</span> <span class='ocrx_word' id='word_1_83' title='bbox 1148 890 1268 930; x_wconf 88' lang='lat' dir='ltr'>audit</span> 
     </span>
     <span class='ocr_line' id='line_1_13' title="bbox 164 947 1081 1012; baseline -0.004 -13"><span class='ocrx_word' id='word_1_84' title='bbox 164 947 399 1012; x_wconf 81' lang='lat' dir='ltr'>praecipue,</span> <span class='ocrx_word' id='word_1_85' title='bbox 423 959 488 998; x_wconf 71' lang='lat' dir='ltr'>vel</span> <span class='ocrx_word' id='word_1_86' title='bbox 509 959 542 998; x_wconf 90' lang='lat' dir='ltr'>si</span> <span class='ocrx_word' id='word_1_87' title='bbox 563 958 706 1010; x_wconf 87' lang='lat' dir='ltr'>tetigit</span> <span class='ocrx_word' id='word_1_88' title='bbox 726 958 836 997; x_wconf 88' lang='lat' dir='ltr'>latus</span> <span class='ocrx_word' id='word_1_89' title='bbox 856 957 989 997; x_wconf 86' lang='lat' dir='ltr'>acrior</span> <span class='ocrx_word' id='word_1_90' title='bbox 1010 956 1081 996; x_wconf 92' lang='lat' dir='ltr'>illo</span> 
     </span>
     <span class='ocr_line' id='line_1_14' title="bbox 165 1022 1283 1076; baseline -0.003 -13"><span class='ocrx_word' id='word_1_91' title='bbox 165 1025 237 1076; x_wconf 87' lang='lat' dir='ltr'>qui</span> <span class='ocrx_word' id='word_1_92' title='bbox 261 1025 374 1064; x_wconf 86' lang='lat' dir='ltr'>venit</span> <span class='ocrx_word' id='word_1_93' title='bbox 393 1025 445 1064; x_wconf 89' lang='lat' dir='ltr'>ad</span> <span class='ocrx_word' id='word_1_94' title='bbox 466 1024 644 1063; x_wconf 88' lang='lat' dir='ltr'>dubium</span> <span class='ocrx_word' id='word_1_95' title='bbox 665 1023 815 1075; x_wconf 87' lang='lat' dir='ltr'>grandi</span> <span class='ocrx_word' id='word_1_96' title='bbox 837 1036 932 1061; x_wconf 87' lang='lat' dir='ltr'>cum</span> <span class='ocrx_word' id='word_1_97' title='bbox 954 1022 1096 1061; x_wconf 90' lang='lat' dir='ltr'>codice</span> <span class='ocrx_word' id='word_1_98' title='bbox 1117 1034 1283 1061; x_wconf 87' lang='lat' dir='ltr'>nomen.</span> 
     </span>
     <span class='ocr_line' id='line_1_15' title="bbox 164 1087 1148 1141; baseline -0.002 -13"><span class='ocrx_word' id='word_1_99' title='bbox 164 1094 267 1129; x_wconf 84' lang='lat' dir='ltr'>tuuc</span> <span class='ocrx_word' id='word_1_100' title='bbox 288 1090 477 1128; x_wconf 85' lang='lat' dir='ltr'>inmensa</span> <span class='ocrx_word' id='word_1_101' title='bbox 497 1089 585 1128; x_wconf 84' lang='lat' dir='ltr'>cavi</span> <span class='ocrx_word' id='word_1_102' title='bbox 607 1089 770 1141; x_wconf 83' lang='lat' dir='ltr'>spirant</span> <span class='ocrx_word' id='word_1_103' title='bbox 789 1087 1007 1127; x_wconf 89' lang='lat' dir='ltr'>mendacia</span> <span class='ocrx_word' id='word_1_104' title='bbox 1026 1087 1148 1126; x_wconf 84' lang='lat' dir='ltr'>folles</span> 
     </span>
     <span class='ocr_line' id='line_1_16' title="bbox 164 1152 1294 1207; baseline -0.004 -13"><span class='ocrx_word' id='word_1_105' title='bbox 164 1155 495 1207; x_wconf 82' lang='lat' dir='ltr'>conspuiturque</span> <span class='ocrx_word' id='word_1_106' title='bbox 516 1154 650 1193; x_wconf 90' lang='lat' dir='ltr'>sinus:</span> <span class='ocrx_word' id='word_1_107' title='bbox 681 1166 822 1192; x_wconf 81' lang='lat' dir='ltr'>veram</span> <span class='ocrx_word' id='word_1_108' title='bbox 844 1152 1099 1205; x_wconf 70' lang='lat' dir='ltr'>deprendere</span> <span class='ocrx_word' id='word_1_109' title='bbox 1119 1164 1294 1190; x_wconf 82' lang='lat' dir='ltr'>messem</span> 
     </span>
     <span class='ocr_line' id='line_1_17' title="bbox 165 1216 1268 1270; baseline -0.004 -12"><span class='ocrx_word' id='word_1_110' title='bbox 165 1219 195 1259; x_wconf 89' lang='lat' dir='ltr'>si</span> <span class='ocrx_word' id='word_1_111' title='bbox 218 1220 334 1267; x_wconf 88' lang='lat' dir='ltr'>libet,</span> <span class='ocrx_word' id='word_1_112' title='bbox 358 1219 458 1258; x_wconf 89' lang='lat' dir='ltr'>hinc</span> <span class='ocrx_word' id='word_1_113' title='bbox 479 1222 650 1258; x_wconf 89' lang='lat' dir='ltr'>centum</span> <span class='ocrx_word' id='word_1_114' title='bbox 671 1217 927 1270; x_wconf 87' lang='lat' dir='ltr'>patrimonia</span> <span class='ocrx_word' id='word_1_115' title='bbox 947 1216 1268 1262; x_wconf 83' lang='lat' dir='ltr'>causidicorum,</span> 
     </span>
     <span class='ocr_line' id='line_1_18' title="bbox 164 1282 1071 1337; baseline -0.003 -14"><span class='ocrx_word' id='word_1_116' title='bbox 164 1287 282 1337; x_wconf 81' lang='lat' dir='ltr'>parte</span> <span class='ocrx_word' id='word_1_117' title='bbox 303 1284 384 1323; x_wconf 87' lang='lat' dir='ltr'>alia</span> <span class='ocrx_word' id='word_1_118' title='bbox 404 1284 537 1323; x_wconf 89' lang='lat' dir='ltr'>solum</span> <span class='ocrx_word' id='word_1_119' title='bbox 560 1283 710 1322; x_wconf 80' lang='lat' dir='ltr'>russati</span> <span class='ocrx_word' id='word_1_120' title='bbox 732 1296 839 1335; x_wconf 89' lang='lat' dir='ltr'>pone</span> <span class='ocrx_word' id='word_1_121' title='bbox 862 1282 1071 1321; x_wconf 82' lang='lat' dir='ltr'>Lacertae.</span> 
     </span>
     <span class='ocr_line' id='line_1_19' title="bbox 164 1346 1105 1400; baseline -0.005 -11"><span class='ocrx_word' id='word_1_122' title='bbox 164 1350 385 1389; x_wconf 84' lang='lat' dir='ltr'>consedere</span> <span class='ocrx_word' id='word_1_123' title='bbox 406 1349 545 1396; x_wconf 89' lang='lat' dir='ltr'>duces,</span> <span class='ocrx_word' id='word_1_124' title='bbox 570 1348 705 1400; x_wconf 83' lang='lat' dir='ltr'>surgis</span> <span class='ocrx_word' id='word_1_125' title='bbox 725 1351 771 1387; x_wconf 89' lang='lat' dir='ltr'>tu</span> <span class='ocrx_word' id='word_1_126' title='bbox 795 1347 977 1399; x_wconf 87' lang='lat' dir='ltr'>pallidus</span> <span class='ocrx_word' id='word_1_127' title='bbox 997 1346 1105 1385; x_wconf 83' lang='lat' dir='ltr'>Aiax</span> 
     </span>
     <span class='ocr_line' id='line_1_20' title="bbox 165 1411 1015 1466; baseline -0.005 -13"><span class='ocrx_word' id='word_1_128' title='bbox 165 1414 357 1454; x_wconf 88' lang='lat' dir='ltr'>dicturus</span> <span class='ocrx_word' id='word_1_129' title='bbox 377 1414 505 1453; x_wconf 89' lang='lat' dir='ltr'>dubia</span> <span class='ocrx_word' id='word_1_130' title='bbox 523 1416 600 1466; x_wconf 83' lang='lat' dir='ltr'>pro</span> <span class='ocrx_word' id='word_1_131' title='bbox 619 1413 812 1452; x_wconf 86' lang='lat' dir='ltr'>libertate</span> <span class='ocrx_word' id='word_1_132' title='bbox 832 1411 1015 1451; x_wconf 89' lang='lat' dir='ltr'>bubulco</span> 
     </span>
     <span class='ocr_line' id='line_1_21' title="bbox 165 1475 1305 1531; baseline -0.004 -13"><span class='ocrx_word' id='word_1_133' title='bbox 165 1479 314 1518; x_wconf 85' lang='lat' dir='ltr'>iudice.</span> <span class='ocrx_word' id='word_1_134' title='bbox 377 1492 525 1531; x_wconf 89' lang='lat' dir='ltr'>rumpe</span> <span class='ocrx_word' id='word_1_135' title='bbox 546 1478 670 1517; x_wconf 87' lang='lat' dir='ltr'>miser</span> <span class='ocrx_word' id='word_1_136' title='bbox 691 1480 857 1516; x_wconf 88' lang='lat' dir='ltr'>tensum</span> <span class='ocrx_word' id='word_1_137' title='bbox 880 1476 1007 1523; x_wconf 86' lang='lat' dir='ltr'>iecur,</span> <span class='ocrx_word' id='word_1_138' title='bbox 1031 1478 1081 1514; x_wconf 88' lang='lat' dir='ltr'>ut</span> <span class='ocrx_word' id='word_1_139' title='bbox 1102 1475 1178 1515; x_wconf 88' lang='lat' dir='ltr'>tibi</span> <span class='ocrx_word' id='word_1_140' title='bbox 1200 1475 1305 1515; x_wconf 88' lang='lat' dir='ltr'>lasso</span> 
     </span>
     <span class='ocr_line' id='line_1_22' title="bbox 166 1541 1136 1596; baseline -0.004 -13"><span class='ocrx_word' id='word_1_141' title='bbox 166 1545 350 1596; x_wconf 83' lang='lat' dir='ltr'>figantur</span> <span class='ocrx_word' id='word_1_142' title='bbox 369 1543 538 1590; x_wconf 68' lang='lat' dir='ltr'>virides,</span> <span class='ocrx_word' id='word_1_143' title='bbox 563 1543 765 1582; x_wconf 86' lang='lat' dir='ltr'>scalarum</span> <span class='ocrx_word' id='word_1_144' title='bbox 787 1541 934 1593; x_wconf 88' lang='lat' dir='ltr'>gloria,</span> <span class='ocrx_word' id='word_1_145' title='bbox 957 1541 1136 1592; x_wconf 86' lang='lat' dir='ltr'>palmae.</span> 
     </span>
     <span class='ocr_line' id='line_1_23' title="bbox 166 1605 1310 1660; baseline -0.002 -14"><span class='ocrx_word' id='word_1_146' title='bbox 166 1609 277 1660; x_wconf 85' lang='lat' dir='ltr'>quod</span> <span class='ocrx_word' id='word_1_147' title='bbox 302 1608 410 1648; x_wconf 78' lang='lat' dir='ltr'>vocis</span> <span class='ocrx_word' id='word_1_148' title='bbox 430 1608 615 1660; x_wconf 88' lang='lat' dir='ltr'>pretium</span> <span class='ocrx_word' id='word_1_149' title='bbox 630 1609 648 1646; x_wconf 78' lang='lat'>⁴?</span> <span class='ocrx_word' id='word_1_150' title='bbox 705 1607 838 1646; x_wconf 90' lang='lat' dir='ltr'>siccus</span> <span class='ocrx_word' id='word_1_151' title='bbox 857 1605 1158 1658; x_wconf 86' lang='lat' dir='ltr'>petasunculus</span> <span class='ocrx_word' id='word_1_152' title='bbox 1178 1607 1220 1644; x_wconf 91' lang='lat' dir='ltr'>et</span> <span class='ocrx_word' id='word_1_153' title='bbox 1239 1617 1310 1644; x_wconf 81' lang='lat' dir='ltr'>vas</span> 
     </span>
     <span class='ocr_line' id='line_1_24' title="bbox 164 1667 1383 1726; baseline -0.004 -13"><span class='ocrx_word' id='word_1_154' title='bbox 164 1674 433 1726; x_wconf 76' lang='lat' dir='ltr'>pelamydum</span> <span class='ocrx_word' id='word_1_155' title='bbox 455 1675 530 1712; x_wconf 85' lang='lat' dir='ltr'>aut</span> <span class='ocrx_word' id='word_1_156' title='bbox 550 1675 720 1719; x_wconf 80' lang='lat' dir='ltr'>veteres,</span> <span class='ocrx_word' id='word_1_157' title='bbox 747 1672 992 1710; x_wconf 87' lang='lat' dir='ltr'>Maurorum</span> <span class='ocrx_word' id='word_1_158' title='bbox 1018 1669 1242 1722; x_wconf 87' lang='lat' dir='ltr'>epimenia,</span> <span class='ocrx_word' id='word_1_159' title='bbox 1265 1667 1383 1709; x_wconf 89' lang='lat' dir='ltr'>bulbi</span> 
     </span>
     <span class='ocr_line' id='line_1_25' title="bbox 165 1735 1247 1787; baseline -0.005 -10"><span class='ocrx_word' id='word_1_160' title='bbox 165 1742 239 1778; x_wconf 87' lang='lat' dir='ltr'>aut</span> <span class='ocrx_word' id='word_1_161' title='bbox 259 1739 405 1777; x_wconf 77' lang='lat' dir='ltr'>vinum</span> <span class='ocrx_word' id='word_1_162' title='bbox 427 1737 569 1777; x_wconf 87' lang='lat' dir='ltr'>Tiberi</span> <span class='ocrx_word' id='word_1_163' title='bbox 590 1737 827 1783; x_wconf 76' lang='lat' dir='ltr'>devectum,</span> <span class='ocrx_word' id='word_1_164' title='bbox 853 1735 1040 1787; x_wconf 85' lang='lat' dir='ltr'>quinque</span> <span class='ocrx_word' id='word_1_165' title='bbox 1059 1735 1247 1786; x_wconf 84' lang='lat' dir='ltr'>lagonae.</span> 
     </span>
     <span class='ocr_line' id='line_1_26' title="bbox 165 1801 1097 1855; baseline -0.004 -13"><span class='ocrx_word' id='word_1_166' title='bbox 165 1803 197 1843; x_wconf 88' lang='lat' dir='ltr'>si</span> <span class='ocrx_word' id='word_1_167' title='bbox 221 1806 367 1855; x_wconf 87' lang='lat' dir='ltr'>quater</span> <span class='ocrx_word' id='word_1_168' title='bbox 387 1802 524 1854; x_wconf 85' lang='lat' dir='ltr'>egisti,</span> <span class='ocrx_word' id='word_1_169' title='bbox 548 1801 580 1841; x_wconf 90' lang='lat' dir='ltr'>si</span> <span class='ocrx_word' id='word_1_170' title='bbox 602 1801 782 1852; x_wconf 86' lang='lat' dir='ltr'>contigit</span> <span class='ocrx_word' id='word_1_171' title='bbox 802 1813 952 1840; x_wconf 90' lang='lat' dir='ltr'>aureus</span> <span class='ocrx_word' id='word_1_172' title='bbox 974 1812 1097 1847; x_wconf 90' lang='lat' dir='ltr'>unus,</span> 
     </span>
     <span class='ocr_line' id='line_1_27' title="bbox 166 1863 1250 1919; baseline -0.005 -12"><span class='ocrx_word' id='word_1_173' title='bbox 166 1868 263 1908; x_wconf 89' lang='lat' dir='ltr'>inde</span> <span class='ocrx_word' id='word_1_174' title='bbox 283 1868 443 1907; x_wconf 87' lang='lat' dir='ltr'>cadunt</span> <span class='ocrx_word' id='word_1_175' title='bbox 461 1869 601 1919; x_wconf 86' lang='lat' dir='ltr'>partes</span> <span class='ocrx_word' id='word_1_176' title='bbox 621 1879 670 1905; x_wconf 82' lang='lat' dir='ltr'>ex</span> <span class='ocrx_word' id='word_1_177' title='bbox 690 1865 857 1905; x_wconf 82' lang='lat' dir='ltr'>foedere</span> <span class='ocrx_word' id='word_1_178' title='bbox 878 1863 1250 1917; x_wconf 85' lang='lat' dir='ltr'>pragmaticorum.</span> 
     </span>
     <span class='ocr_line' id='line_1_28' title="bbox 166 1928 1228 1983; baseline -0.006 -11"><span class='ocrx_word' id='word_1_179' title='bbox 166 1933 347 1972; x_wconf 87' lang='lat' dir='ltr'>Aemilio</span> <span class='ocrx_word' id='word_1_180' title='bbox 367 1932 538 1971; x_wconf 87' lang='lat' dir='ltr'>dabitur</span> <span class='ocrx_word' id='word_1_181' title='bbox 558 1932 765 1983; x_wconf 88' lang='lat' dir='ltr'>quantum</span> <span class='ocrx_word' id='word_1_182' title='bbox 785 1930 898 1976; x_wconf 89' lang='lat' dir='ltr'>lieet,</span> <span class='ocrx_word' id='word_1_183' title='bbox 923 1931 965 1968; x_wconf 91' lang='lat' dir='ltr'>et</span> <span class='ocrx_word' id='word_1_184' title='bbox 984 1928 1134 1968; x_wconf 91' lang='lat' dir='ltr'>melius</span> <span class='ocrx_word' id='word_1_185' title='bbox 1153 1941 1228 1967; x_wconf 88' lang='lat' dir='ltr'>nos</span> 
     </span>
     <span class='ocr_line' id='line_1_29' title="bbox 166 1992 1213 2050; baseline -0.006 -13"><span class='ocrx_word' id='word_1_186' title='bbox 166 1998 340 2050; x_wconf 83' lang='lat' dir='ltr'>egimus.</span> <span class='ocrx_word' id='word_1_187' title='bbox 400 1996 528 2036; x_wconf 87' lang='lat' dir='ltr'>huius</span> <span class='ocrx_word' id='word_1_188' title='bbox 548 1996 661 2035; x_wconf 90' lang='lat' dir='ltr'>enim</span> <span class='ocrx_word' id='word_1_189' title='bbox 683 1997 765 2035; x_wconf 88' lang='lat' dir='ltr'>stat</span> <span class='ocrx_word' id='word_1_190' title='bbox 785 2008 932 2034; x_wconf 89' lang='lat' dir='ltr'>currus</span> <span class='ocrx_word' id='word_1_191' title='bbox 951 2007 1116 2041; x_wconf 88' lang='lat' dir='ltr'>aeneus,</span> <span class='ocrx_word' id='word_1_192' title='bbox 1139 1992 1213 2033; x_wconf 86' lang='lat' dir='ltr'>alti</span> 
     </span>
     <span class='ocr_line' id='line_1_30' title="bbox 167 2057 1156 2114; baseline -0.003 -14"><span class='ocrx_word' id='word_1_193' title='bbox 167 2062 434 2114; x_wconf 85' lang='lat' dir='ltr'>quadriiuges</span> <span class='ocrx_word' id='word_1_194' title='bbox 454 2061 499 2100; x_wconf 91' lang='lat' dir='ltr'>in</span> <span class='ocrx_word' id='word_1_195' title='bbox 520 2060 749 2107; x_wconf 78' lang='lat' dir='ltr'>vestibulis,</span> <span class='ocrx_word' id='word_1_196' title='bbox 775 2062 901 2111; x_wconf 86' lang='lat' dir='ltr'>atque</span> <span class='ocrx_word' id='word_1_197' title='bbox 922 2059 1008 2111; x_wconf 86' lang='lat' dir='ltr'>ipse</span> <span class='ocrx_word' id='word_1_198' title='bbox 1028 2057 1156 2098; x_wconf 80' lang='lat' dir='ltr'>feroci</span> 
     </span>
     <span class='ocr_line' id='line_1_31' title="bbox 166 2123 1149 2167; baseline -0.006 0"><span class='ocrx_word' id='word_1_199' title='bbox 166 2128 364 2167; x_wconf 87' lang='lat' dir='ltr'>bellatore</span> <span class='ocrx_word' id='word_1_200' title='bbox 385 2127 530 2166; x_wconf 87' lang='lat' dir='ltr'>sedens</span> <span class='ocrx_word' id='word_1_201' title='bbox 550 2128 771 2165; x_wconf 87' lang='lat' dir='ltr'>curvatum</span> <span class='ocrx_word' id='word_1_202' title='bbox 791 2124 941 2164; x_wconf 89' lang='lat' dir='ltr'>hastile</span> <span class='ocrx_word' id='word_1_203' title='bbox 961 2123 1149 2162; x_wconf 85' lang='lat' dir='ltr'>minatur</span> 
     </span>
     <span class='ocr_line' id='line_1_32' title="bbox 166 2188 1125 2241; baseline -0.004 -10"><span class='ocrx_word' id='word_1_204' title='bbox 166 2192 330 2232; x_wconf 83' lang='lat' dir='ltr'>eminus</span> <span class='ocrx_word' id='word_1_205' title='bbox 351 2194 393 2230; x_wconf 91' lang='lat' dir='ltr'>et</span> <span class='ocrx_word' id='word_1_206' title='bbox 413 2193 552 2230; x_wconf 89' lang='lat' dir='ltr'>statua</span> <span class='ocrx_word' id='word_1_207' title='bbox 573 2190 802 2230; x_wconf 86' lang='lat' dir='ltr'>meditatur</span> <span class='ocrx_word' id='word_1_208' title='bbox 822 2188 980 2241; x_wconf 85' lang='lat' dir='ltr'>proelia</span> <span class='ocrx_word' id='word_1_209' title='bbox 1000 2188 1125 2227; x_wconf 90' lang='lat' dir='ltr'>lusca.</span> 
     </span>
     <span class='ocr_line' id='line_1_33' title="bbox 166 2251 1296 2303; baseline -0.005 -7"><span class='ocrx_word' id='word_1_210' title='bbox 166 2258 223 2296; x_wconf 91' lang='lat' dir='ltr'>sic</span> <span class='ocrx_word' id='word_1_211' title='bbox 245 2257 357 2296; x_wconf 89' lang='lat' dir='ltr'>Pedo</span> <span class='ocrx_word' id='word_1_212' title='bbox 377 2256 615 2303; x_wconf 81' lang='lat' dir='ltr'>conturbat,</span> <span class='ocrx_word' id='word_1_213' title='bbox 641 2255 787 2294; x_wconf 84' lang='lat' dir='ltr'>Matho</span> <span class='ocrx_word' id='word_1_214' title='bbox 807 2254 963 2300; x_wconf 88' lang='lat' dir='ltr'>deficit,</span> <span class='ocrx_word' id='word_1_215' title='bbox 987 2253 1124 2293; x_wconf 75' lang='lat' dir='ltr'>exitus</span> <span class='ocrx_word' id='word_1_216' title='bbox 1144 2251 1214 2291; x_wconf 90' lang='lat' dir='ltr'>hic</span> <span class='ocrx_word' id='word_1_217' title='bbox 1233 2254 1296 2291; x_wconf 90' lang='lat' dir='ltr'>est</span> 
     </span>
     <span class='ocr_line' id='line_1_34' title="bbox 168 2317 1096 2373; baseline -0.005 -12"><span class='ocrx_word' id='word_1_218' title='bbox 168 2321 367 2373; x_wconf 81' lang='lat' dir='ltr'>Tongilii,</span> <span class='ocrx_word' id='word_1_219' title='bbox 393 2334 544 2371; x_wconf 83' lang='lat' dir='ltr'>magno</span> <span class='ocrx_word' id='word_1_220' title='bbox 565 2333 659 2359; x_wconf 88' lang='lat' dir='ltr'>cum</span> <span class='ocrx_word' id='word_1_221' title='bbox 682 2319 945 2359; x_wconf 86' lang='lat' dir='ltr'>rhinocerote</span> <span class='ocrx_word' id='word_1_222' title='bbox 968 2317 1096 2357; x_wconf 78' lang='lat' dir='ltr'>lavari</span> 
     </span>
     <span class='ocr_line' id='line_1_35' title="bbox 168 2382 1110 2439; baseline -0.004 -14"><span class='ocrx_word' id='word_1_223' title='bbox 168 2387 237 2439; x_wconf 84' lang='lat' dir='ltr'>qui</span> <span class='ocrx_word' id='word_1_224' title='bbox 260 2386 363 2425; x_wconf 89' lang='lat' dir='ltr'>solet</span> <span class='ocrx_word' id='word_1_225' title='bbox 383 2388 425 2425; x_wconf 91' lang='lat' dir='ltr'>et</span> <span class='ocrx_word' id='word_1_226' title='bbox 445 2387 567 2424; x_wconf 81' lang='lat' dir='ltr'>vexat</span> <span class='ocrx_word' id='word_1_227' title='bbox 586 2384 798 2424; x_wconf 84' lang='lat' dir='ltr'>lutulenta</span> <span class='ocrx_word' id='word_1_228' title='bbox 818 2383 967 2423; x_wconf 87' lang='lat' dir='ltr'>balnea</span> <span class='ocrx_word' id='word_1_229' title='bbox 986 2382 1110 2421; x_wconf 84' lang='lat' dir='ltr'>turba</span> 
     </span>
     <span class='ocr_line' id='line_1_36' title="bbox 167 2445 1336 2505; baseline -0.003 -14"><span class='ocrx_word' id='word_1_230' title='bbox 167 2464 322 2505; x_wconf 85' lang='lat' dir='ltr'>perque</span> <span class='ocrx_word' id='word_1_231' title='bbox 342 2451 483 2490; x_wconf 78' lang='lat' dir='ltr'>sorum</span> <span class='ocrx_word' id='word_1_232' title='bbox 503 2449 673 2490; x_wconf 87' lang='lat' dir='ltr'>iuvenes</span> <span class='ocrx_word' id='word_1_233' title='bbox 693 2449 818 2501; x_wconf 85' lang='lat' dir='ltr'>longo</span> <span class='ocrx_word' id='word_1_234' title='bbox 837 2447 994 2502; x_wconf 86' lang='lat' dir='ltr'>premit</span> <span class='ocrx_word' id='word_1_235' title='bbox 1013 2459 1145 2487; x_wconf 85' lang='lat' dir='ltr'>assere</span> <span class='ocrx_word' id='word_1_236' title='bbox 1166 2445 1336 2487; x_wconf 87' lang='lat' dir='ltr'>Maedos</span> 
     </span>
    </p>
   </div>
   <div class='ocr_carea' id='block_1_3' title="bbox 1547 375 1642 417">
    <p class='ocr_par' dir='ltr' id='par_1_4' title="bbox 1547 375 1642 417">
     <span class='ocr_line' id='line_1_37' title="bbox 1547 375 1642 417; baseline 0.053 -5"><span class='ocrx_word' id='word_1_237' title='bbox 1547 375 1621 412; x_wconf 89' lang='grc'>100</span> <span class='ocrx_word' id='word_1_238' title='bbox 1633 407 1642 417; x_wconf 90' lang='grc'><strong>.</strong></span> 
     </span>
    </p>
   </div>
   <div class='ocr_carea' id='block_1_4' title="bbox 1548 697 1623 735">
    <p class='ocr_par' dir='ltr' id='par_1_5' title="bbox 1548 697 1623 735">
     <span class='ocr_line' id='line_1_38' title="bbox 1548 697 1623 735; baseline 0 0"><span class='ocrx_word' id='word_1_239' title='bbox 1548 697 1623 735; x_wconf 87' lang='grc'>105</span> 
     </span>
    </p>
   </div>
   <div class='ocr_carea' id='block_1_5' title="bbox 1549 1022 1625 1059">
    <p class='ocr_par' dir='ltr' id='par_1_6' title="bbox 1549 1022 1625 1059">
     <span class='ocr_line' id='line_1_39' title="bbox 1549 1022 1625 1059; baseline 0 0"><span class='ocrx_word' id='word_1_240' title='bbox 1549 1022 1625 1059; x_wconf 90' lang='grc'>110</span> 
     </span>
    </p>
   </div>
   <div class='ocr_carea' id='block_1_6' title="bbox 1550 1346 1625 1384">
    <p class='ocr_par' dir='ltr' id='par_1_7' title="bbox 1550 1346 1625 1384">
     <span class='ocr_line' id='line_1_40' title="bbox 1550 1346 1625 1384; baseline 0 0"><span class='ocrx_word' id='word_1_241' title='bbox 1550 1346 1625 1384; x_wconf 87' lang='grc'>115</span> 
     </span>
    </p>
   </div>
   <div class='ocr_carea' id='block_1_7' title="bbox 1550 1670 1625 1708">
    <p class='ocr_par' dir='ltr' id='par_1_8' title="bbox 1550 1670 1625 1708">
     <span class='ocr_line' id='line_1_41' title="bbox 1550 1670 1625 1708; baseline 0 0"><span class='ocrx_word' id='word_1_242' title='bbox 1550 1670 1625 1708; x_wconf 81' lang='grc'>120</span> 
     </span>
    </p>
   </div>
   <div class='ocr_carea' id='block_1_8' title="bbox 1550 1994 1625 2032">
    <p class='ocr_par' dir='ltr' id='par_1_9' title="bbox 1550 1994 1625 2032">
     <span class='ocr_line' id='line_1_42' title="bbox 1550 1994 1625 2032; baseline 0 0"><span class='ocrx_word' id='word_1_243' title='bbox 1550 1994 1625 2032; x_wconf 84' lang='grc'>125</span> 
     </span>
    </p>
   </div>
   <div class='ocr_carea' id='block_1_9' title="bbox 1549 2318 1624 2356">
    <p class='ocr_par' dir='ltr' id='par_1_10' title="bbox 1549 2318 1624 2356">
     <span class='ocr_line' id='line_1_43' title="bbox 1549 2318 1624 2356; baseline -0.013 0"><span class='ocrx_word' id='word_1_244' title='bbox 1549 2318 1624 2356; x_wconf 90' lang='grc'>130</span> 
     </span>
    </p>
   </div>
  </div>
 </body>
</html>
