<?xml version="1.0" encoding="UTF-8"?>
<!DOCTYPE html PUBLIC "-//W3C//DTD XHTML 1.0 Transitional//EN"
    "http://www.w3.org/TR/xhtml1/DTD/xhtml1-transitional.dtd">
<html xmlns="http://www.w3.org/1999/xhtml" xml:lang="en" lang="en">
 <head>
  <title>
</title>
<meta http-equiv="Content-Type" content="text/html;charset=utf-8" />
  <meta name='ocr-system' content='tesseract 3.04.00' />
  <meta name='ocr-capabilities' content='ocr_page ocr_carea ocr_par ocr_line ocrx_word'/>
</head>
<body>
  <div class='ocr_page' id='page_1' title='image "./saturarumlibriv00juveuoft_0112.png"; bbox 0 0 1778 2693; ppageno 0'>
   <div class='ocr_carea' id='block_1_1' title="bbox 148 119 1111 159">
    <p class='ocr_par' dir='ltr' id='par_1_1' title="bbox 148 119 1111 159">
     <span class='ocr_line' id='line_1_1' title="bbox 148 119 1111 159; baseline -0.002 -9"><span class='ocrx_word' id='word_1_1' title='bbox 148 120 201 159; x_wconf 78' lang='lat'>30</span> <span class='ocrx_word' id='word_1_2' title='bbox 628 119 668 148; x_wconf 90' lang='lat' dir='ltr'>D.</span> <span class='ocrx_word' id='word_1_3' title='bbox 703 120 829 149; x_wconf 83' lang='lat' dir='ltr'>IVNII</span> <span class='ocrx_word' id='word_1_4' title='bbox 861 119 1111 149; x_wconf 75' lang='lat' dir='ltr'>IVVENALIS</span> 
     </span>
    </p>
   </div>
   <div class='ocr_carea' id='block_1_2' title="bbox 606 490 1126 654">
    <p class='ocr_par' dir='ltr' id='par_1_2' title="bbox 606 490 1126 654">
     <span class='ocr_line' id='line_1_2' title="bbox 606 490 1126 534; baseline 0.008 -5"><span class='ocrx_word' id='word_1_5' title='bbox 606 490 784 534; x_wconf 85' lang='lat' dir='ltr'>LIBER</span> <span class='ocrx_word' id='word_1_6' title='bbox 819 491 1126 533; x_wconf 72' lang='lat' dir='ltr'>SECVNDVS</span> 
     </span>
     <span class='ocr_line' id='line_1_3' title="bbox 725 620 1006 654; baseline 0 0"><span class='ocrx_word' id='word_1_7' title='bbox 725 620 924 654; x_wconf 83' lang='lat' dir='ltr'>SATVRA</span> <span class='ocrx_word' id='word_1_8' title='bbox 954 621 1006 654; x_wconf 89' lang='lat' dir='ltr'>VI</span> 
     </span>
    </p>
   </div>
   <div class='ocr_carea' id='block_1_3' title="bbox 134 729 1372 2465">
    <p class='ocr_par' dir='ltr' id='par_1_3' title="bbox 138 729 1110 781">
     <span class='ocr_line' id='line_1_4' title="bbox 138 729 1110 781; baseline 0 -11"><span class='ocrx_word' id='word_1_9' title='bbox 138 731 274 771; x_wconf 83' lang='lat' dir='ltr'>Credo</span> <span class='ocrx_word' id='word_1_10' title='bbox 296 729 557 770; x_wconf 78' lang='lat' dir='ltr'>Pudicitiam</span> <span class='ocrx_word' id='word_1_11' title='bbox 579 729 764 769; x_wconf 88' lang='lat' dir='ltr'>Saturno</span> <span class='ocrx_word' id='word_1_12' title='bbox 786 743 883 781; x_wconf 84' lang='lat' dir='ltr'>rege</span> <span class='ocrx_word' id='word_1_13' title='bbox 901 734 1110 770; x_wconf 89' lang='lat' dir='ltr'>moratam</span> 
     </span>
    </p>

    <p class='ocr_par' dir='ltr' id='par_1_4' title="bbox 135 794 1341 1235">
     <span class='ocr_line' id='line_1_5' title="bbox 136 794 1148 848; baseline 0.001 -14"><span class='ocrx_word' id='word_1_14' title='bbox 136 796 178 834; x_wconf 88' lang='lat' dir='ltr'>in</span> <span class='ocrx_word' id='word_1_15' title='bbox 202 795 325 835; x_wconf 89' lang='lat' dir='ltr'>terris</span> <span class='ocrx_word' id='word_1_16' title='bbox 347 795 563 846; x_wconf 77' lang='lat' dir='ltr'>visamque</span> <span class='ocrx_word' id='word_1_17' title='bbox 585 794 673 842; x_wconf 87' lang='lat' dir='ltr'>diu,</span> <span class='ocrx_word' id='word_1_18' title='bbox 699 807 797 834; x_wconf 88' lang='lat' dir='ltr'>cum</span> <span class='ocrx_word' id='word_1_19' title='bbox 818 795 977 847; x_wconf 77' lang='lat' dir='ltr'>frigida</span> <span class='ocrx_word' id='word_1_20' title='bbox 997 809 1148 848; x_wconf 85' lang='lat' dir='ltr'>parvas</span> 
     </span>
     <span class='ocr_line' id='line_1_6' title="bbox 136 859 1256 913; baseline 0.001 -14"><span class='ocrx_word' id='word_1_21' title='bbox 136 861 356 913; x_wconf 76' lang='lat' dir='ltr'>praeberet</span> <span class='ocrx_word' id='word_1_22' title='bbox 377 859 579 912; x_wconf 87' lang='lat' dir='ltr'>spelunca</span> <span class='ocrx_word' id='word_1_23' title='bbox 601 859 746 899; x_wconf 86' lang='lat' dir='ltr'>domos</span> <span class='ocrx_word' id='word_1_24' title='bbox 768 859 996 912; x_wconf 83' lang='lat' dir='ltr'>ignemque</span> <span class='ocrx_word' id='word_1_25' title='bbox 1019 860 1256 912; x_wconf 84' lang='lat' dir='ltr'>Laremque</span> 
     </span>
     <span class='ocr_line' id='line_1_7' title="bbox 136 924 1274 978; baseline -0.001 -13"><span class='ocrx_word' id='word_1_26' title='bbox 136 931 178 965; x_wconf 88' lang='lat' dir='ltr'>et</span> <span class='ocrx_word' id='word_1_27' title='bbox 199 938 328 978; x_wconf 85' lang='lat' dir='ltr'>pecus</span> <span class='ocrx_word' id='word_1_28' title='bbox 350 928 392 964; x_wconf 90' lang='lat' dir='ltr'>et</span> <span class='ocrx_word' id='word_1_29' title='bbox 413 924 607 964; x_wconf 85' lang='lat' dir='ltr'>dominos</span> <span class='ocrx_word' id='word_1_30' title='bbox 629 924 845 963; x_wconf 89' lang='lat' dir='ltr'>communi</span> <span class='ocrx_word' id='word_1_31' title='bbox 868 925 1086 964; x_wconf 86' lang='lat' dir='ltr'>clauderet</span> <span class='ocrx_word' id='word_1_32' title='bbox 1108 926 1274 972; x_wconf 86' lang='lat' dir='ltr'>umbra,</span> 
     </span>
     <span class='ocr_line' id='line_1_8' title="bbox 136 991 1242 1030; baseline -0.001 0"><span class='ocrx_word' id='word_1_33' title='bbox 136 991 373 1030; x_wconf 81' lang='lat' dir='ltr'>silvestrem</span> <span class='ocrx_word' id='word_1_34' title='bbox 394 993 599 1029; x_wconf 88' lang='lat' dir='ltr'>montana</span> <span class='ocrx_word' id='word_1_35' title='bbox 618 993 762 1028; x_wconf 90' lang='lat' dir='ltr'>torum</span> <span class='ocrx_word' id='word_1_36' title='bbox 785 1002 882 1028; x_wconf 89' lang='lat' dir='ltr'>cum</span> <span class='ocrx_word' id='word_1_37' title='bbox 905 992 1114 1029; x_wconf 77' lang='lat' dir='ltr'>sterneret</span> <span class='ocrx_word' id='word_1_38' title='bbox 1135 1003 1242 1029; x_wconf 78' lang='lat' dir='ltr'>uxor</span> 
     </span>
     <span class='ocr_line' id='line_1_9' title="bbox 136 1054 1138 1106; baseline -0.001 -12"><span class='ocrx_word' id='word_1_39' title='bbox 136 1055 361 1094; x_wconf 80' lang='lat' dir='ltr'>frondibus</span> <span class='ocrx_word' id='word_1_40' title='bbox 382 1057 424 1094; x_wconf 89' lang='lat' dir='ltr'>et</span> <span class='ocrx_word' id='word_1_41' title='bbox 442 1054 583 1093; x_wconf 91' lang='lat' dir='ltr'>culmo</span> <span class='ocrx_word' id='word_1_42' title='bbox 604 1054 927 1106; x_wconf 76' lang='lat' dir='ltr'>vicinarumque</span> <span class='ocrx_word' id='word_1_43' title='bbox 950 1055 1138 1094; x_wconf 78' lang='lat' dir='ltr'>ferarum</span> 
     </span>
     <span class='ocr_line' id='line_1_10' title="bbox 135 1118 1341 1172; baseline -0.001 -13"><span class='ocrx_word' id='word_1_44' title='bbox 135 1120 332 1172; x_wconf 87' lang='lat' dir='ltr'>pellibus,</span> <span class='ocrx_word' id='word_1_45' title='bbox 356 1120 463 1159; x_wconf 87' lang='lat' dir='ltr'>haut</span> <span class='ocrx_word' id='word_1_46' title='bbox 484 1119 633 1158; x_wconf 89' lang='lat' dir='ltr'>similis</span> <span class='ocrx_word' id='word_1_47' title='bbox 654 1119 748 1166; x_wconf 87' lang='lat' dir='ltr'>tibi,</span> <span class='ocrx_word' id='word_1_48' title='bbox 775 1119 975 1171; x_wconf 81' lang='lat' dir='ltr'>Cynthia,</span> <span class='ocrx_word' id='word_1_49' title='bbox 999 1132 1077 1159; x_wconf 90' lang='lat' dir='ltr'>nec</span> <span class='ocrx_word' id='word_1_50' title='bbox 1099 1119 1193 1167; x_wconf 88' lang='lat' dir='ltr'>tibi,</span> <span class='ocrx_word' id='word_1_51' title='bbox 1219 1118 1341 1158; x_wconf 87' lang='lat' dir='ltr'>cuius</span> 
     </span>
     <span class='ocr_line' id='line_1_11' title="bbox 136 1183 1106 1235; baseline -0.001 -11"><span class='ocrx_word' id='word_1_52' title='bbox 136 1185 327 1224; x_wconf 77' lang='lat' dir='ltr'>turbavit</span> <span class='ocrx_word' id='word_1_53' title='bbox 349 1185 509 1223; x_wconf 88' lang='lat' dir='ltr'>nitidos</span> <span class='ocrx_word' id='word_1_54' title='bbox 531 1183 748 1223; x_wconf 78' lang='lat' dir='ltr'>extinctus</span> <span class='ocrx_word' id='word_1_55' title='bbox 772 1197 914 1235; x_wconf 89' lang='lat' dir='ltr'>passer</span> <span class='ocrx_word' id='word_1_56' title='bbox 937 1184 1106 1231; x_wconf 83' lang='lat' dir='ltr'>ocellos,</span> 
     </span>
    </p>

    <p class='ocr_par' dir='ltr' id='par_1_5' title="bbox 136 1248 1182 1302">
     <span class='ocr_line' id='line_1_12' title="bbox 136 1248 1182 1302; baseline -0.002 -13"><span class='ocrx_word' id='word_1_57' title='bbox 136 1250 208 1289; x_wconf 88' lang='lat' dir='ltr'>sed</span> <span class='ocrx_word' id='word_1_58' title='bbox 229 1250 418 1302; x_wconf 87' lang='lat' dir='ltr'>potanda</span> <span class='ocrx_word' id='word_1_59' title='bbox 439 1250 580 1288; x_wconf 73' lang='lat' dir='ltr'>ferens</span> <span class='ocrx_word' id='word_1_60' title='bbox 603 1248 843 1288; x_wconf 83' lang='lat' dir='ltr'>infantibus</span> <span class='ocrx_word' id='word_1_61' title='bbox 866 1249 995 1288; x_wconf 86' lang='lat' dir='ltr'>ubera</span> <span class='ocrx_word' id='word_1_62' title='bbox 1017 1248 1182 1300; x_wconf 84' lang='lat' dir='ltr'>magnis</span> 
     </span>
    </p>

    <p class='ocr_par' dir='ltr' id='par_1_6' title="bbox 135 1314 1217 1562">
     <span class='ocr_line' id='line_1_13' title="bbox 136 1314 1183 1367; baseline -0.003 -12"><span class='ocrx_word' id='word_1_63' title='bbox 136 1319 178 1355; x_wconf 92' lang='lat' dir='ltr'>et</span> <span class='ocrx_word' id='word_1_64' title='bbox 199 1329 321 1367; x_wconf 86' lang='lat' dir='ltr'>saepe</span> <span class='ocrx_word' id='word_1_65' title='bbox 342 1315 554 1354; x_wconf 89' lang='lat' dir='ltr'>horridior</span> <span class='ocrx_word' id='word_1_66' title='bbox 574 1314 773 1363; x_wconf 80' lang='lat' dir='ltr'>glandem</span> <span class='ocrx_word' id='word_1_67' title='bbox 795 1318 994 1353; x_wconf 82' lang='lat' dir='ltr'>ructante</span> <span class='ocrx_word' id='word_1_68' title='bbox 1017 1314 1183 1353; x_wconf 84' lang='lat' dir='ltr'>marito.</span> 
     </span>
     <span class='ocr_line' id='line_1_14' title="bbox 136 1378 1217 1433; baseline -0.002 -14"><span class='ocrx_word' id='word_1_69' title='bbox 136 1381 293 1433; x_wconf 88' lang='lat' dir='ltr'>quippe</span> <span class='ocrx_word' id='word_1_70' title='bbox 315 1380 438 1419; x_wconf 86' lang='lat' dir='ltr'>aliter</span> <span class='ocrx_word' id='word_1_71' title='bbox 459 1383 563 1418; x_wconf 87' lang='lat' dir='ltr'>tunc</span> <span class='ocrx_word' id='word_1_72' title='bbox 585 1379 683 1418; x_wconf 90' lang='lat' dir='ltr'>orbe</span> <span class='ocrx_word' id='word_1_73' title='bbox 704 1392 813 1418; x_wconf 85' lang='grc'>11010</span> <span class='ocrx_word' id='word_1_74' title='bbox 835 1379 1034 1430; x_wconf 87' lang='lat' dir='ltr'>caeloque</span> <span class='ocrx_word' id='word_1_75' title='bbox 1055 1378 1217 1418; x_wconf 90' lang='lat' dir='ltr'>recenti</span> 
     </span>
     <span class='ocr_line' id='line_1_15' title="bbox 135 1443 1099 1495; baseline -0.002 -11"><span class='ocrx_word' id='word_1_76' title='bbox 135 1445 335 1484; x_wconf 73' lang='lat' dir='ltr'>vivebant</span> <span class='ocrx_word' id='word_1_77' title='bbox 357 1444 564 1491; x_wconf 88' lang='lat' dir='ltr'>homines,</span> <span class='ocrx_word' id='word_1_78' title='bbox 590 1443 662 1495; x_wconf 90' lang='lat' dir='ltr'>qui</span> <span class='ocrx_word' id='word_1_79' title='bbox 686 1447 814 1495; x_wconf 89' lang='lat' dir='ltr'>rupto</span> <span class='ocrx_word' id='word_1_80' title='bbox 836 1443 986 1482; x_wconf 87' lang='lat' dir='ltr'>robore</span> <span class='ocrx_word' id='word_1_81' title='bbox 1008 1443 1099 1482; x_wconf 91' lang='lat' dir='ltr'>nati</span> 
     </span>
     <span class='ocr_line' id='line_1_16' title="bbox 136 1508 1130 1562; baseline -0.002 -13"><span class='ocrx_word' id='word_1_82' title='bbox 136 1510 413 1562; x_wconf 71' lang='lat' dir='ltr'>compositive</span> <span class='ocrx_word' id='word_1_83' title='bbox 433 1509 527 1548; x_wconf 90' lang='lat' dir='ltr'>luto</span> <span class='ocrx_word' id='word_1_84' title='bbox 549 1508 689 1547; x_wconf 90' lang='lat' dir='ltr'>nullos</span> <span class='ocrx_word' id='word_1_85' title='bbox 710 1508 897 1547; x_wconf 86' lang='lat' dir='ltr'>habuere</span> <span class='ocrx_word' id='word_1_86' title='bbox 918 1511 1130 1560; x_wconf 82' lang='lat' dir='ltr'>parenteS.</span> 
     </span>
    </p>

    <p class='ocr_par' dir='ltr' id='par_1_7' title="bbox 135 1573 1077 1624">
     <span class='ocr_line' id='line_1_17' title="bbox 135 1573 1077 1624; baseline -0.002 -11"><span class='ocrx_word' id='word_1_87' title='bbox 135 1575 273 1614; x_wconf 86' lang='lat' dir='ltr'>multa</span> <span class='ocrx_word' id='word_1_88' title='bbox 294 1574 533 1613; x_wconf 88' lang='lat' dir='ltr'>Pudicitiae</span> <span class='ocrx_word' id='word_1_89' title='bbox 554 1573 709 1612; x_wconf 76' lang='lat' dir='ltr'>veteris</span> <span class='ocrx_word' id='word_1_90' title='bbox 731 1573 910 1624; x_wconf 73' lang='lat' dir='ltr'>vestigia</span> <span class='ocrx_word' id='word_1_91' title='bbox 931 1573 1077 1612; x_wconf 78' lang='lat' dir='ltr'>forsan</span> 
     </span>
    </p>

    <p class='ocr_par' dir='ltr' id='par_1_8' title="bbox 135 1637 1372 1753">
     <span class='ocr_line' id='line_1_18' title="bbox 135 1637 1372 1691; baseline -0.001 -13"><span class='ocrx_word' id='word_1_92' title='bbox 135 1642 209 1678; x_wconf 88' lang='lat' dir='ltr'>aut</span> <span class='ocrx_word' id='word_1_93' title='bbox 230 1639 372 1691; x_wconf 86' lang='lat' dir='ltr'>aliqua</span> <span class='ocrx_word' id='word_1_94' title='bbox 392 1637 636 1677; x_wconf 83' lang='lat' dir='ltr'>exstiterint</span> <span class='ocrx_word' id='word_1_95' title='bbox 658 1640 700 1676; x_wconf 89' lang='lat' dir='ltr'>et</span> <span class='ocrx_word' id='word_1_96' title='bbox 722 1638 799 1677; x_wconf 92' lang='lat' dir='ltr'>sub</span> <span class='ocrx_word' id='word_1_97' title='bbox 823 1638 936 1684; x_wconf 76' lang='lat' dir='ltr'>Iove,</span> <span class='ocrx_word' id='word_1_98' title='bbox 961 1637 1033 1676; x_wconf 89' lang='lat' dir='ltr'>sed</span> <span class='ocrx_word' id='word_1_99' title='bbox 1056 1637 1156 1676; x_wconf 82' lang='grc'>1010</span> <span class='ocrx_word' id='word_1_100' title='bbox 1177 1637 1372 1677; x_wconf 89' lang='lat' dir='ltr'>nondum</span> 
     </span>
     <span class='ocr_line' id='line_1_19' title="bbox 135 1701 1080 1753; baseline -0.003 -10"><span class='ocrx_word' id='word_1_101' title='bbox 135 1704 324 1751; x_wconf 88' lang='lat' dir='ltr'>barbato,</span> <span class='ocrx_word' id='word_1_102' title='bbox 349 1703 541 1742; x_wconf 88' lang='lat' dir='ltr'>nondum</span> <span class='ocrx_word' id='word_1_103' title='bbox 564 1702 734 1741; x_wconf 86' lang='lat' dir='ltr'>Graecis</span> <span class='ocrx_word' id='word_1_104' title='bbox 756 1702 895 1741; x_wconf 89' lang='lat' dir='ltr'>iurare</span> <span class='ocrx_word' id='word_1_105' title='bbox 916 1701 1080 1753; x_wconf 87' lang='lat' dir='ltr'>paratis</span> 
     </span>
    </p>

    <p class='ocr_par' dir='ltr' id='par_1_9' title="bbox 134 1766 1197 1950">
     <span class='ocr_line' id='line_1_20' title="bbox 135 1766 1197 1821; baseline -0.003 -13"><span class='ocrx_word' id='word_1_106' title='bbox 135 1782 209 1821; x_wconf 89' lang='lat' dir='ltr'>per</span> <span class='ocrx_word' id='word_1_107' title='bbox 230 1772 359 1820; x_wconf 87' lang='lat' dir='ltr'>caput</span> <span class='ocrx_word' id='word_1_108' title='bbox 381 1767 570 1814; x_wconf 88' lang='lat' dir='ltr'>alterius,</span> <span class='ocrx_word' id='word_1_109' title='bbox 595 1780 693 1806; x_wconf 88' lang='lat' dir='ltr'>cum</span> <span class='ocrx_word' id='word_1_110' title='bbox 714 1767 854 1805; x_wconf 81' lang='lat' dir='ltr'>furem</span> <span class='ocrx_word' id='word_1_111' title='bbox 876 1779 1001 1805; x_wconf 88' lang='lat' dir='ltr'>nemo</span> <span class='ocrx_word' id='word_1_112' title='bbox 1024 1766 1197 1806; x_wconf 90' lang='lat' dir='ltr'>timeret</span> 
     </span>
     <span class='ocr_line' id='line_1_21' title="bbox 135 1830 1145 1884; baseline -0.004 -11"><span class='ocrx_word' id='word_1_113' title='bbox 135 1833 327 1873; x_wconf 85' lang='lat' dir='ltr'>caulibus</span> <span class='ocrx_word' id='word_1_114' title='bbox 349 1836 391 1872; x_wconf 87' lang='lat' dir='ltr'>et</span> <span class='ocrx_word' id='word_1_115' title='bbox 411 1832 563 1884; x_wconf 84' lang='lat' dir='ltr'>pomis,</span> <span class='ocrx_word' id='word_1_116' title='bbox 588 1835 630 1871; x_wconf 90' lang='lat' dir='ltr'>et</span> <span class='ocrx_word' id='word_1_117' title='bbox 651 1834 798 1883; x_wconf 88' lang='lat' dir='ltr'>aperto</span> <span class='ocrx_word' id='word_1_118' title='bbox 822 1831 983 1870; x_wconf 80' lang='lat' dir='ltr'>viveret</span> <span class='ocrx_word' id='word_1_119' title='bbox 1005 1830 1145 1870; x_wconf 90' lang='lat' dir='ltr'>horto.</span> 
     </span>
     <span class='ocr_line' id='line_1_22' title="bbox 134 1895 1180 1950; baseline -0.002 -14"><span class='ocrx_word' id='word_1_120' title='bbox 134 1897 342 1950; x_wconf 86' lang='lat' dir='ltr'>paulatim</span> <span class='ocrx_word' id='word_1_121' title='bbox 364 1897 518 1936; x_wconf 87' lang='lat' dir='ltr'>deinde</span> <span class='ocrx_word' id='word_1_122' title='bbox 539 1897 592 1936; x_wconf 88' lang='lat' dir='ltr'>ad</span> <span class='ocrx_word' id='word_1_123' title='bbox 613 1909 786 1948; x_wconf 87' lang='lat' dir='ltr'>superos</span> <span class='ocrx_word' id='word_1_124' title='bbox 808 1897 987 1935; x_wconf 89' lang='lat' dir='ltr'>Astraea</span> <span class='ocrx_word' id='word_1_125' title='bbox 1007 1895 1180 1934; x_wconf 88' lang='lat' dir='ltr'>recessit</span> 
     </span>
    </p>

    <p class='ocr_par' dir='ltr' id='par_1_10' title="bbox 135 1960 1296 2465">
     <span class='ocr_line' id='line_1_23' title="bbox 135 1960 1234 2013; baseline -0.003 -12"><span class='ocrx_word' id='word_1_126' title='bbox 135 1961 213 2001; x_wconf 88' lang='lat' dir='ltr'>hac</span> <span class='ocrx_word' id='word_1_127' title='bbox 235 1961 403 2008; x_wconf 90' lang='lat' dir='ltr'>comite,</span> <span class='ocrx_word' id='word_1_128' title='bbox 428 1965 557 2013; x_wconf 88' lang='lat' dir='ltr'>atque</span> <span class='ocrx_word' id='word_1_129' title='bbox 578 1961 686 2000; x_wconf 89' lang='lat' dir='ltr'>duae</span> <span class='ocrx_word' id='word_1_130' title='bbox 707 1961 867 2012; x_wconf 87' lang='lat' dir='ltr'>pariter</span> <span class='ocrx_word' id='word_1_131' title='bbox 889 1960 1038 2012; x_wconf 79' lang='lat' dir='ltr'>fugere</span> <span class='ocrx_word' id='word_1_132' title='bbox 1060 1972 1234 1999; x_wconf 85' lang='lat' dir='ltr'>sorores.</span> 
     </span>
     <span class='ocr_line' id='line_1_24' title="bbox 135 2024 1270 2072; baseline -0.003 -7"><span class='ocrx_word' id='word_1_133' title='bbox 135 2026 326 2065; x_wconf 85' lang='lat' dir='ltr'>anticum</span> <span class='ocrx_word' id='word_1_134' title='bbox 347 2030 389 2065; x_wconf 91' lang='lat' dir='ltr'>et</span> <span class='ocrx_word' id='word_1_135' title='bbox 410 2030 533 2065; x_wconf 76' lang='lat' dir='ltr'>vetus</span> <span class='ocrx_word' id='word_1_136' title='bbox 554 2029 617 2065; x_wconf 89' lang='lat' dir='ltr'>est</span> <span class='ocrx_word' id='word_1_137' title='bbox 637 2025 839 2072; x_wconf 90' lang='lat' dir='ltr'>alienum,</span> <span class='ocrx_word' id='word_1_138' title='bbox 868 2025 1084 2072; x_wconf 87' lang='lat' dir='ltr'>Postume,</span> <span class='ocrx_word' id='word_1_139' title='bbox 1109 2024 1270 2063; x_wconf 88' lang='lat' dir='ltr'>lectum</span> 
     </span>
     <span class='ocr_line' id='line_1_25' title="bbox 135 2087 1296 2142; baseline -0.003 -12"><span class='ocrx_word' id='word_1_140' title='bbox 135 2094 362 2130; x_wconf 87' lang='lat' dir='ltr'>concutere</span> <span class='ocrx_word' id='word_1_141' title='bbox 384 2094 512 2142; x_wconf 83' lang='lat' dir='ltr'>atque</span> <span class='ocrx_word' id='word_1_142' title='bbox 534 2090 640 2129; x_wconf 85' lang='lat' dir='ltr'>sacri</span> <span class='ocrx_word' id='word_1_143' title='bbox 661 2090 836 2142; x_wconf 87' lang='lat' dir='ltr'>genium</span> <span class='ocrx_word' id='word_1_144' title='bbox 860 2095 1132 2129; x_wconf 88' lang='lat' dir='ltr'>contemnere</span> <span class='ocrx_word' id='word_1_145' title='bbox 1153 2087 1296 2128; x_wconf 83' lang='lat' dir='ltr'>fulcri.</span> 
     </span>
     <span class='ocr_line' id='line_1_26' title="bbox 135 2154 1223 2206; baseline -0.003 -11"><span class='ocrx_word' id='word_1_146' title='bbox 135 2168 260 2195; x_wconf 89' lang='lat' dir='ltr'>omne</span> <span class='ocrx_word' id='word_1_147' title='bbox 281 2155 398 2194; x_wconf 87' lang='lat' dir='ltr'>aliud</span> <span class='ocrx_word' id='word_1_148' title='bbox 419 2155 578 2194; x_wconf 87' lang='lat' dir='ltr'>crimen</span> <span class='ocrx_word' id='word_1_149' title='bbox 601 2168 697 2193; x_wconf 82' lang='lat' dir='ltr'>mox</span> <span class='ocrx_word' id='word_1_150' title='bbox 718 2155 855 2194; x_wconf 76' lang='lat' dir='ltr'>ferrea</span> <span class='ocrx_word' id='word_1_151' title='bbox 876 2154 1058 2206; x_wconf 90' lang='lat' dir='ltr'>protulit</span> <span class='ocrx_word' id='word_1_152' title='bbox 1079 2156 1193 2192; x_wconf 86' lang='lat' dir='ltr'>aetas</span> <span class='ocrx_word' id='word_1_153' title='bbox 1215 2166 1223 2192; x_wconf 93' lang='lat'>:</span> 
     </span>
     <span class='ocr_line' id='line_1_27' title="bbox 135 2218 1156 2272; baseline -0.001 -14"><span class='ocrx_word' id='word_1_154' title='bbox 135 2220 336 2260; x_wconf 71' lang='lat' dir='ltr'>viderunt</span> <span class='ocrx_word' id='word_1_155' title='bbox 357 2220 515 2272; x_wconf 90' lang='lat' dir='ltr'>primos</span> <span class='ocrx_word' id='word_1_156' title='bbox 537 2222 737 2271; x_wconf 86' lang='lat' dir='ltr'>argentea</span> <span class='ocrx_word' id='word_1_157' title='bbox 758 2219 925 2259; x_wconf 88' lang='lat' dir='ltr'>saecula</span> <span class='ocrx_word' id='word_1_158' title='bbox 946 2218 1156 2258; x_wconf 89' lang='lat' dir='ltr'>moechos.</span> 
     </span>
     <span class='ocr_line' id='line_1_28' title="bbox 136 2282 1282 2335; baseline -0.003 -12"><span class='ocrx_word' id='word_1_159' title='bbox 136 2288 395 2324; x_wconf 72' lang='lat' dir='ltr'>conventum</span> <span class='ocrx_word' id='word_1_160' title='bbox 416 2287 560 2323; x_wconf 88' lang='lat' dir='ltr'>tamen</span> <span class='ocrx_word' id='word_1_161' title='bbox 582 2288 623 2323; x_wconf 90' lang='lat' dir='ltr'>et</span> <span class='ocrx_word' id='word_1_162' title='bbox 644 2287 818 2335; x_wconf 90' lang='lat' dir='ltr'>pactum</span> <span class='ocrx_word' id='word_1_163' title='bbox 841 2286 883 2323; x_wconf 89' lang='lat' dir='ltr'>et</span> <span class='ocrx_word' id='word_1_164' title='bbox 904 2282 1116 2335; x_wconf 86' lang='lat' dir='ltr'>sponsalia</span> <span class='ocrx_word' id='word_1_165' title='bbox 1135 2283 1282 2321; x_wconf 85' lang='lat' dir='ltr'>nostra</span> 
     </span>
     <span class='ocr_line' id='line_1_29' title="bbox 136 2346 1197 2400; baseline -0.003 -12"><span class='ocrx_word' id='word_1_166' title='bbox 136 2352 390 2400; x_wconf 88' lang='lat' dir='ltr'>tempestate</span> <span class='ocrx_word' id='word_1_167' title='bbox 410 2361 546 2400; x_wconf 89' lang='lat' dir='ltr'>paras,</span> <span class='ocrx_word' id='word_1_168' title='bbox 571 2348 739 2400; x_wconf 88' lang='lat' dir='ltr'>iamque</span> <span class='ocrx_word' id='word_1_169' title='bbox 760 2361 784 2387; x_wconf 87' lang='lat' dir='ltr'>a</span> <span class='ocrx_word' id='word_1_170' title='bbox 804 2352 972 2388; x_wconf 87' lang='lat' dir='ltr'>tonsore</span> <span class='ocrx_word' id='word_1_171' title='bbox 993 2346 1197 2398; x_wconf 86' lang='lat' dir='ltr'>magistro</span> 
     </span>
     <span class='ocr_line' id='line_1_30' title="bbox 136 2411 1123 2465; baseline -0.002 -13"><span class='ocrx_word' id='word_1_172' title='bbox 136 2413 331 2465; x_wconf 88' lang='lat' dir='ltr'>pecteris,</span> <span class='ocrx_word' id='word_1_173' title='bbox 356 2417 398 2452; x_wconf 92' lang='lat' dir='ltr'>et</span> <span class='ocrx_word' id='word_1_174' title='bbox 419 2413 556 2465; x_wconf 89' lang='lat' dir='ltr'>digito</span> <span class='ocrx_word' id='word_1_175' title='bbox 576 2413 731 2465; x_wconf 87' lang='lat' dir='ltr'>pignus</span> <span class='ocrx_word' id='word_1_176' title='bbox 752 2413 931 2452; x_wconf 85' lang='lat' dir='ltr'>fortasse</span> <span class='ocrx_word' id='word_1_177' title='bbox 954 2411 1123 2451; x_wconf 89' lang='lat' dir='ltr'>dedisti.</span> 
     </span>
    </p>
   </div>
   <div class='ocr_carea' id='block_1_4' title="bbox 1541 1315 1591 1354">
    <p class='ocr_par' dir='ltr' id='par_1_11' title="bbox 1541 1315 1591 1354">
     <span class='ocr_line' id='line_1_31' title="bbox 1541 1315 1591 1354; baseline 0.02 -1"><span class='ocrx_word' id='word_1_178' title='bbox 1541 1315 1591 1354; x_wconf 89' lang='lat'>10</span> 
     </span>
    </p>
   </div>
   <div class='ocr_carea' id='block_1_5' title="bbox 1540 1638 1590 1676">
    <p class='ocr_par' dir='ltr' id='par_1_12' title="bbox 1540 1638 1590 1676">
     <span class='ocr_line' id='line_1_32' title="bbox 1540 1638 1590 1676; baseline 0 0"><span class='ocrx_word' id='word_1_179' title='bbox 1540 1638 1590 1676; x_wconf 87' lang='lat'>15</span> 
     </span>
    </p>
   </div>
   <div class='ocr_carea' id='block_1_6' title="bbox 1537 1962 1590 1999">
    <p class='ocr_par' dir='ltr' id='par_1_13' title="bbox 1537 1962 1590 1999">
     <span class='ocr_line' id='line_1_33' title="bbox 1537 1962 1590 1999; baseline 0 0"><span class='ocrx_word' id='word_1_180' title='bbox 1537 1962 1590 1999; x_wconf 81' lang='lat'>20</span> 
     </span>
    </p>
   </div>
   <div class='ocr_carea' id='block_1_7' title="bbox 1535 2281 1588 2320">
    <p class='ocr_par' dir='ltr' id='par_1_14' title="bbox 1535 2281 1588 2320">
     <span class='ocr_line' id='line_1_34' title="bbox 1535 2281 1588 2320; baseline 0 0"><span class='ocrx_word' id='word_1_181' title='bbox 1535 2281 1588 2320; x_wconf 80' lang='lat'>25</span> 
     </span>
    </p>
   </div>
  </div>
 </body>
</html>
