1778 2693
758 146 936 175 SATVRA
968 146 1017 174 VI

151 247 330 299 cogitur,
353 247 423 287 hic
443 247 606 299 frangit
630 247 801 294 ferulas,
827 247 948 287 rubet
969 247 1039 286 ille
1060 246 1237 299 flagello,

150 312 219 351 hic
239 312 416 362 scutica;
448 316 547 351 sunt
569 326 673 364 quae
696 312 924 352 tortoribus
944 326 1086 352 annua
1107 314 1334 363 praestent.

150 379 340 418 verberat
360 382 486 430 atque
507 378 641 418 obiter
660 378 811 417 faciem
834 378 957 425 linit,
972 378 1092 417 audit
1112 377 1266 417 amicas

149 446 223 482 aut
244 443 379 483 latum
399 443 535 495 pictae
558 443 681 482 vestis
701 443 939 482 considerat
960 457 1112 482 aurum

149 512 192 548 et
211 509 361 556 caedit,
385 508 500 560 longi
523 509 671 560 relegit
692 512 927 548 transversa
948 509 1091 548 diurni

149 576 192 613 et
211 573 363 621 caedit,
388 574 519 613 donec
541 573 655 612 lassis
675 573 947 613 caedentibus
972 573 1053 612 ‘exi
1072 573 1081 589 ³

149 638 315 679 intonet
336 639 595 678 horrendum
617 639 699 678 iam
722 639 964 691 cognitione
987 641 1165 691 peracta.

149 706 414 756 praefectura
434 705 585 744 domus
607 704 749 744 Sicula
770 718 854 743 non
878 704 1021 743 mitior
1041 704 1149 743 aula.

148 782 246 808 nam
268 770 300 809 si
322 770 544 809 constituit
565 770 770 822 solitoque
791 770 1011 809 decentius
1031 772 1150 821 optat

148 835 287 875 ornari
308 838 351 875 et
370 838 566 888 properat
586 835 753 887 iamque
774 838 1023 887 expectatur
1044 835 1086 873 in
1109 834 1243 874 hortis

147 905 222 940 aut
241 903 346 953 aput
367 900 522 940 Isiacae
543 901 684 953 potius
705 901 883 940 sacraria
902 900 1035 948 lenae,

148 966 336 1018 disponit
356 966 515 1006 crinem
537 966 727 1006 laceratis
748 966 837 1019 ipsa
858 965 1022 1018 capillis

148 1032 263 1071 nuda
286 1045 428 1072 umero
450 1032 595 1072 Psecas
616 1032 766 1071 infelix
788 1032 998 1083 nudisque
1018 1031 1231 1071 mamillis.

150 1097 161 1115 ‘
175 1097 301 1137 altior
321 1097 390 1137 1110
411 1111 537 1150 quare
557 1097 781 1137 cincinnus
796 1099 814 1136 ?
831 1098 841 1115 ⁷
865 1101 1007 1136 taurea
1028 1097 1156 1149 punit

147 1163 350 1202 continuo
370 1162 465 1202 flexi
486 1163 648 1202 crimen
669 1163 919 1215 facinusque
939 1162 1095 1215 capilli.

148 1227 250 1280 quid
274 1228 420 1268 Psecas
438 1228 643 1267 admisit?
700 1241 905 1281 quaenam
928 1231 991 1267 est
1011 1227 1080 1267 hic
1102 1227 1226 1280 culpa
1245 1228 1422 1281 puellae,

147 1293 180 1333 si
202 1293 279 1332 tibi
300 1293 518 1346 displicuit
538 1307 663 1333 nasus
687 1296 783 1333 tuus
798 1295 816 1332 ’ἓ
873 1294 1004 1333 altera
1023 1293 1190 1333 laevum

147 1359 339 1398 extendit
359 1359 572 1411 pectitque
593 1373 732 1398 comas
752 1366 794 1398 et
815 1359 947 1398 volvit
969 1359 1012 1397 in
1033 1358 1190 1398 orbem.

147 1426 209 1463 est
230 1423 273 1462 in
295 1424 469 1463 consilio
491 1427 680 1463 materna
700 1425 953 1475 admotaque
973 1424 1081 1463 lanis

147 1489 322 1528 emerita
342 1502 447 1541 quae
468 1494 597 1529 cessat
617 1503 715 1538 acu3
747 1489 959 1528 sententia
979 1489 1116 1541 prima

148 1554 173 1593 11
183 1554 276 1594 uius
295 1554 390 1602 erit,
414 1558 508 1606 post
531 1554 637 1594 hanc
658 1557 794 1593 aetate
815 1557 942 1605 atque
964 1558 1052 1593 arte
1075 1554 1260 1594 minores

147 1619 392 1665 censebunt,
417 1622 632 1672 tamquam
653 1620 790 1658 famae
811 1619 1035 1658 discrimen
1058 1622 1208 1671 agatur

148 1688 222 1724 aut
242 1684 419 1725 animae.
483 1687 600 1724 tanta
621 1688 682 1724 est
704 1684 932 1737 quaerendi
955 1697 1055 1724 cura
1076 1685 1256 1735 decoris3

149 1753 212 1790 tot
232 1750 388 1803 premit
408 1750 640 1798 ordinibus,
665 1755 728 1790 tot
749 1750 889 1789 adhuc
909 1750 1170 1803 conpagibus
1191 1751 1326 1790 altum

147 1816 342 1856 aedificat
362 1821 503 1868 caput.
566 1816 893 1856 Andromachen
915 1829 938 1855 a
958 1816 1099 1855 fronte
1122 1815 1295 1864 videbis,

149 1884 241 1934 post
263 1881 401 1921 minor
420 1884 496 1929 est,
520 1882 663 1921 credas
682 1881 820 1921 aliam.
883 1881 985 1921 cedo
1006 1881 1038 1920 si
1060 1882 1183 1920 breve
1206 1880 1322 1934 parvi

149 1946 297 1986 sortita
316 1950 379 1986 est
398 1946 540 1986 lateris
561 1947 760 1999 spatium,
785 1946 1031 1998 breviorque
1054 1946 1222 1985 videtur

149 2012 313 2064 virgine
337 2012 544 2064 Pygmaea
567 2012 693 2051 nullis
713 2012 858 2051 adiuta
879 2012 1113 2059 cothurnis,

148 2080 192 2118 et
210 2077 311 2117 levis
332 2080 469 2117 erecta
488 2077 705 2129 consurgit
725 2077 777 2117 ad
798 2077 938 2117 oscula
959 2077 1116 2129 planta.

203 2142 322 2182 nulla
342 2143 420 2182 viri
441 2156 541 2182 cura
562 2143 721 2183 interea
743 2156 817 2182 nec
838 2143 997 2182 mentio
1018 2143 1090 2182 fiet

149 2209 417 2248 damnorum.
479 2209 583 2248 vivit
604 2212 819 2262 tamquam
843 2208 979 2247 vicina
1001 2208 1157 2257 mariti,

150 2273 230 2314 hoe
251 2273 336 2313 solo
356 2274 527 2326 propior
547 2275 657 2326 quod
681 2275 835 2314 amicos
860 2273 1050 2325 coniugis
1070 2274 1161 2314 odit

151 2342 193 2379 et
212 2352 363 2387 servos,
387 2339 553 2391 gravior
573 2340 820 2383 rationibus,
884 2352 978 2379 0000
999 2339 1182 2379 furentis

153 2404 350 2444 Bellonae
371 2405 600 2457 matrisque
622 2405 749 2444 deum
770 2405 923 2444 chorus
944 2404 1077 2444 intrat
1096 2408 1138 2445 et
1159 2405 1307 2456 ingens

152 2469 336 2518 semivir,
359 2469 560 2510 obscaeno
580 2469 709 2510 facies
730 2470 956 2510 reverenda
976 2469 1145 2518 minori,

1563 146 1615 188 45

1542 315 1619 351 4811

1541 641 1618 679 485

1541 968 1620 1007 490

1541 1296 1618 1334 495

1541 1622 1620 1660 500

1542 1950 1620 1987 505

1543 2277 1621 2314 510
