1778 2693
725 91 903 121 SATVRA
935 92 1025 120 XIII

145 193 376 246 Pygmaeus
398 192 536 245 parvis
556 192 690 232 currit
711 192 887 232 bellator
907 191 952 231 in
971 192 1112 240 armis,

144 271 239 299 mox
261 258 383 311 inpar
403 257 514 298 hosti
535 260 765 310 raptusque
786 271 860 310 per
880 270 976 297 aera
995 258 1134 298 curvis

142 324 356 376 unguibus
377 336 400 363 a
420 336 538 363 saeva
558 323 696 362 fertur
716 336 832 375 grue.
895 323 927 362 si
950 323 1089 363 videas
1109 323 1188 363 hoc

142 389 338 441 gentibus
358 388 403 427 in
425 387 592 435 nostris,
616 387 702 427 risu
725 388 932 440 quatiare;
965 389 1031 428 sed
1056 388 1158 436 illic,

142 467 398 507 quamquam
421 453 565 493 eadem
586 453 760 493 adsidue
780 456 1025 506 spectentur
1045 454 1217 506 proelia,
1242 454 1352 493 ridet

141 532 278 567 nemo,
306 518 376 559 ubi
396 521 486 558 tota
506 518 653 558 cohors
674 519 778 569 pede
799 532 883 558 nou
905 521 967 558 est
986 518 1110 558 altior
1130 532 1228 559 uno.

198 585 208 602 ‘
225 584 396 624 nullane
416 584 555 636 peiuri
576 584 726 636 capitis
746 584 993 636 fraudisque
1014 585 1221 624 nefandae

140 663 275 703 poena
294 649 374 690 erit
388 650 406 689 ⁶?
421 649 432 667 ³
491 649 713 702 abreptum
735 650 855 693 crede
876 650 992 690 hunc
1012 650 1200 702 graviore
1221 654 1367 690 catena

140 715 336 768 protinus
355 717 397 754 et
419 715 723 767 nostro—quid
744 715 840 768 plus
860 715 962 755 velit
982 715 1044 755 ira
1059 715 1271 755 ?—neca1·i

140 780 333 821 arbitrio:
365 783 510 820 manet
530 780 602 820 illa
622 783 765 820 tamen
787 780 947 820 iactura
967 794 1044 820 nec
1065 794 1267 833 umquam

141 845 379 899 depositum
401 845 478 885 tibi
500 858 638 898 sospes
658 845 751 893 erit,
776 846 847 885 sed
870 859 1041 898 corpore
1061 849 1214 886 trunco

140 911 346 952 invidiosa
366 911 485 951 dabit
505 911 708 950 minimus
729 911 880 951 solacia
900 911 1084 963 sanguis.

143 977 155 994 ‘
169 979 213 1016 at
234 976 421 1016 vindicta
441 976 601 1016 bonum
622 975 709 1015 vita
729 975 959 1015 iucundius
979 976 1102 1028 ipsa.’

141 1054 292 1094 nempe
312 1041 391 1081 hoc
411 1040 588 1089 indocti,
613 1054 793 1093 quorum
814 1041 1056 1093 praecordia
1076 1041 1206 1082 nullis

140 1107 359 1147 interdum
379 1109 454 1146 aut
472 1106 635 1146 levibus
655 1106 794 1146 videas
815 1106 1038 1158 flagrantia
1058 1107 1211 1147 causis:

141 1172 530 1225 quantulacumque
550 1172 652 1212 adeo
674 1174 736 1211 est
756 1172 915 1212 occasio
936 1173 1091 1212 sufficit
1111 1173 1207 1213 irae.

142 1238 404 1290 Chrysippus
424 1251 509 1277 non
531 1237 644 1277 dicet
664 1237 778 1277 idem
799 1251 876 1278 nec
897 1238 1000 1278 mite
1021 1238 1211 1279 Thaletis

139 1303 360 1355 ingenium
382 1303 581 1356 dulcique
602 1316 727 1343 senex
748 1303 911 1343 vicinus
932 1304 1150 1355 Hymetto,

141 1369 213 1421 qui
236 1372 397 1421 partem
419 1371 612 1421 acceptae
633 1381 753 1408 saeva
773 1368 885 1408 inter
905 1368 1044 1408 vincla
1063 1369 1225 1409 cicutae

139 1433 370 1474 accusatori
393 1433 525 1473 nollet
545 1434 657 1473 dare.
719 1434 904 1486 plurima
924 1434 1028 1473 felix

139 1499 345 1552 paulatim
367 1499 471 1539 vitia
491 1502 618 1551 atquc
637 1512 796 1539 errores
815 1499 949 1547 exuit,
973 1512 1117 1539 omnes

139 1565 277 1618 prima
296 1564 420 1604 docet
440 1567 603 1604 rectum
625 1564 847 1617 sapientia.
908 1564 1065 1617 quippe
1086 1564 1243 1605 minuti

139 1643 302 1683 semper
321 1631 364 1670 et
383 1629 542 1669 infirmi
564 1632 626 1669 est
646 1629 777 1669 animi
798 1629 1026 1682 exiguique
1047 1630 1240 1683 voluptas

138 1695 259 1736 ultio.
320 1695 524 1736 continuo
546 1694 604 1735 sic
624 1695 789 1747 collige,
814 1695 927 1748 quod
948 1695 1137 1736 vindicta

138 1774 262 1802 nemo
282 1759 415 1813 magis
435 1760 595 1812 gaudet
615 1774 743 1813 quam
763 1760 938 1801 femina.
998 1774 1074 1801 cur
1093 1764 1235 1802 tamen
1256 1762 1332 1802 hos
1351 1766 1399 1802 tu

138 1826 312 1867 evasisse
332 1829 470 1879 putes,
496 1839 600 1878 quos
620 1825 702 1865 diri
723 1826 889 1866 conscia
909 1826 1013 1866 facti

139 1905 257 1932 mens
276 1891 403 1932 habet
423 1891 628 1931 attonitos
647 1894 689 1931 et
709 1892 836 1931 surdo
857 1891 1026 1931 verbere
1048 1893 1186 1932 caedit

138 1957 354 1998 occultum
377 1955 595 2009 quatiente
614 1956 757 1997 animo
776 1960 935 1997 tortore
957 1957 1170 2009 flagellum
1186 1960 1204 1997 ¹?

138 2035 272 2076 poena
291 2024 436 2062 autem
459 2022 682 2062 vehemens
702 2035 749 2062 ac
770 2022 906 2062 multo
927 2022 1086 2062 saevior
1107 2023 1190 2063 illis

139 2101 242 2141 quas
261 2090 305 2128 et
326 2080 548 2128 Caedicius
567 2088 706 2140 gravis
727 2088 892 2128 invenit
913 2092 956 2127 ct
978 2088 1343 2138 Rhadamanthus,

139 2156 261 2194 nocte
281 2152 433 2205 dieque
454 2166 576 2192 suum
601 2156 761 2205 gestare
782 2153 826 2193 in
848 2156 1015 2206 pectore
1036 2157 1200 2194 testem.

139 2219 348 2272 Spartano
369 2217 539 2258 cuidam
560 2219 778 2272 respondit
800 2219 954 2271 Pythia
975 2222 1087 2259 vates

138 2284 245 2325 haut
265 2283 517 2336 inpunitum
539 2285 750 2337 quondam
775 2285 864 2324 fore
887 2285 998 2336 quod
1021 2284 1238 2325 dubitaret

138 2349 381 2403 depositum
401 2349 581 2390 retinere
601 2353 643 2391 et
664 2350 858 2390 fraudem
881 2350 970 2390 iure
993 2350 1103 2390 tueri

138 2415 334 2457 iurando.
394 2415 620 2467 quaerebat
639 2415 752 2456 enim
774 2428 878 2468 quae
902 2415 1091 2456 numinis
1110 2419 1216 2457 esset

367 2479 388 2515 7

1553 93 1609 136 97

1533 327 1608 364 170

1531 979 1615 1018 180.
1666 989 1675 994 “

1532 1308 1606 1345 185

1531 1635 1607 1672 190

1531 1962 1606 2000 195

1529 2289 1606 2326 200
