1778 2693
186 123 242 164 94
675 118 714 148 D.
751 117 877 146 IVNII
909 114 1159 146 IVVENALIS

187 233 376 272 quaeque
397 223 592 259 coronata
612 217 781 258 lustrari
802 217 951 256 debeat
971 228 1090 267 agna.

186 285 400 337 egregium
424 291 701 335 sanctumque
725 282 860 321 virum
883 281 915 320 si
937 293 1074 328 cerno,
1100 278 1318 319 bimembri

190 352 262 389 hoc
286 355 517 388 monstruni
542 362 671 400 puero
693 347 753 386 vel
777 346 979 385 mirandis
999 346 1074 384 sub
1096 348 1232 384 aratro

189 416 368 466 piscibus
390 414 570 453 inventis
591 415 633 451 et
655 413 762 451 fetae
785 424 979 463 comparo
1000 410 1152 457 mulae,

187 480 403 527 sollicitus,
428 482 643 530 tamquam
667 476 824 528 lapides
844 476 1041 516 effuderit
1062 475 1193 514 imber

187 557 442 595 examenque
463 543 607 595 apium
628 542 755 593 longa
775 541 1008 581 consederit
1029 553 1109 579 uva

187 609 369 648 mlmine
391 608 569 655 delubri,
595 611 811 658 tamquam
834 606 877 644 in
900 619 1011 645 mare
1032 604 1204 644 fluxerit
1223 603 1358 643 amnis

187 674 424 724 gurgitibus
446 673 561 711 miris
582 676 624 711 et
645 672 764 711 lactis
784 671 937 711 vertice
958 673 1134 710 torrens.

241 739 473 790 intercepta
494 738 644 777 decem·
659 736 844 788 quereris
867 735 1055 776 sestertia
1074 735 1223 774 fraude

187 804 398 854 sacrilega.
458 803 560 854 quid
582 802 614 841 si
637 802 698 841 bis
719 804 893 841 centum
914 800 1100 853 perdidit
1120 800 1224 839 alter

189 869 263 908 hoc
284 882 432 908 arcana
453 867 609 907 modo?
664 866 860 906 maiorem
884 865 1036 906 tertius
1056 865 1128 904 illa

187 947 407 980 summam,
434 946 559 984 quam
580 932 749 984 patulae
770 931 839 971 vix
861 933 1027 983 ceperat
1046 929 1229 982 angulus
1248 942 1364 969 arcae
1378 929 1398 968 Ῥ

187 1002 273 1038 tam
295 998 416 1037 facile
436 1001 478 1037 et
498 1010 679 1049 pronum
700 999 762 1036 est
782 1009 952 1048 superos
973 1000 1238 1035 contemnere
1260 996 1397 1042 testes,

187 1064 219 1103 si
242 1063 428 1103 mortalis
448 1062 557 1102 idem
582 1075 702 1101 nemo
724 1061 839 1101 sciat.
900 1061 1035 1112 aspice
1057 1062 1216 1112 quanta

187 1142 284 1168 voce
306 1132 441 1180 neget,
467 1140 572 1179 quae
594 1127 648 1166 sit
670 1127 754 1166 ficti
777 1126 1012 1165 constantia
1033 1125 1188 1165 vultus.

188 1208 260 1246 per
282 1194 387 1233 Solis
408 1193 543 1232 radios
564 1192 824 1244 Tarpeiaque
847 1191 1030 1230 fulmina
1051 1191 1163 1229 iurat

187 1264 228 1298 et
251 1258 397 1297 Martis
418 1259 618 1297 frameam
639 1260 680 1296 et
703 1256 889 1296 Cirrhaei
912 1256 1072 1308 spicula
1092 1255 1211 1302 vatis,

188 1337 261 1375 per
281 1323 458 1362 calamos
478 1321 700 1361 venatricis
720 1321 1043 1372 pharetramque
1063 1320 1226 1371 puellae

189 1401 343 1440 perque
367 1392 503 1434 tuum,
528 1389 648 1438 pater
669 1385 823 1437 Aegaei
849 1386 1062 1437 Neptune,
1086 1384 1330 1432 tridentem,

188 1453 306 1492 addit
327 1455 368 1492 et
390 1451 619 1491 Herculeos
639 1464 759 1490 arcus
779 1451 1026 1501 hastamque
1048 1449 1275 1497 Minervae,

189 1516 395 1569 quidquid
419 1516 574 1555 habent
594 1516 775 1555 telorum
796 1514 1118 1554 armamentaria
1138 1513 1254 1553 caeli.

189 1582 220 1621 si
242 1595 337 1621 vero
357 1587 399 1621 et
418 1586 537 1633 pater
557 1583 632 1628 est,
661 1580 670 1598 ‘
687 1580 901 1620 comedam
918 1580 926 1596 ’
951 1579 1092 1631 inquit
1116 1579 1126 1596 ⁶
1142 1578 1277 1618 flebile
1297 1577 1386 1618 nati

188 1647 374 1698 sinciput
394 1645 492 1685 elixi
516 1644 752 1696 Pharioque
774 1644 982 1684 madentis
1001 1643 1150 1683 aceto.'

241 1714 340 1751 sunt
361 1711 405 1749 in
426 1711 620 1750 fortunae
642 1709 714 1761 qui
736 1709 897 1749 casibus
918 1709 1059 1748 omnia
1078 1710 1240 1760 ponant

187 1780 229 1816 et
249 1776 366 1815 nullo
386 1775 559 1815 credant
579 1775 788 1814 mundum
810 1776 967 1814 rectore
988 1773 1144 1813 moveri

190 1844 339 1881 natura
358 1841 550 1880 volvente
570 1839 678 1879 vices
699 1841 740 1879 et
759 1838 865 1878 lucis
885 1841 926 1878 et
946 1837 1062 1886 anni,

188 1910 313 1958 atque
334 1905 427 1945 ideo
448 1904 650 1957 intrepidi
673 1916 959 1956 quaecumque
979 1902 1128 1942 altaria
1146 1904 1346 1954 tangunt.

188 1974 250 2011 est
269 1970 375 2010 alius
395 1972 586 2009 metuens
606 1982 658 2009 ne
678 1969 835 2008 crimen
857 1981 991 2020 poena
1011 1970 1221 2019 sequatur,

190 2035 257 2075 hic
278 2038 401 2087 putat
421 2048 505 2074 esse
526 2035 622 2074 deos
642 2037 683 2075 et
704 2033 876 2086 peierat,
900 2036 1026 2084 atque
1047 2032 1106 2072 ita
1126 2045 1284 2072 secum:

192 2100 201 2118 ‘
217 2100 412 2139 decernat
433 2100 728 2151 quodcumque
749 2098 861 2138 volet
880 2099 931 2138 de
952 2111 1122 2150 corpore
1143 2099 1284 2136 nostro

190 2164 266 2203 Isis
286 2167 328 2204 et
348 2164 453 2203 irato
474 2164 599 2203 feriat
618 2177 710 2204 mea
729 2163 893 2203 lumina
912 2163 1048 2210 sistro,

189 2229 417 2268 dummodo
438 2229 503 2267 vel
524 2242 668 2268 caecus
688 2231 852 2268 teneam
874 2241 976 2279 quos
995 2227 1155 2278 abnego
1174 2239 1381 2266 nummos.

188 2296 230 2334 et
250 2293 431 2345 phthisis
451 2296 492 2333 et
513 2293 695 2333 vomicae
716 2295 860 2345 putres
880 2296 922 2332 et
942 2291 1167 2332 dimidium
1189 2304 1283 2330 crus

188 2361 287 2398 sunt
308 2357 429 2397 tanti.
490 2370 649 2409 pauper
668 2357 919 2408 locupletem
941 2359 1084 2408 optare
1104 2356 1331 2408 podagram

188 2436 263 2463 nec
284 2421 451 2462 dubitet
472 2421 620 2469 Ladas,
644 2421 678 2460 si
699 2435 783 2462 non
805 2424 897 2472 eget
917 2421 1121 2473 Anticyra
1141 2433 1216 2460 nec

1590 346 1640 384 65

1591 669 1641 709 70

1592 995 1640 1034 75

1592 1320 1643 1358 80

1593 1644 1642 1682 85

1594 1968 1644 2006 90

1593 2292 1642 2329 95
