1778 2693
143 130 195 182 78
640 140 677 169 ι).
716 141 839 170 [vsu
872 136 1121 170 1vaNAL1s

142 240 191 279 ad
216 239 410 288 Phialen3
445 242 609 278 tantum
631 240 802 279 artificis
824 239 933 279 valet
954 238 1111 278 halitus
1131 236 1227 285 oris,

143 305 251 355 quod
275 308 445 343 steterat
466 304 610 343 multis
632 305 673 343 in
695 317 857 344 carcere
878 303 1051 343 fornicis
1071 302 1205 342 annis.

141 375 189 408 ut
211 370 377 420 vigeant
398 383 540 407 sensus
560 369 703 416 animi,
728 369 921 408 ducenda
942 371 1083 408 tamen
1105 370 1204 407 sunt

141 435 291 473 funera
314 440 520 479 natorum,
547 447 671 484 rogus
691 433 956 485 aspiciendus
975 435 1136 472 amatae

141 500 330 550 coniugis
350 506 392 537 et
413 499 554 537 fratris
583 499 812 550 plenaeque
835 498 1044 538 sororibus
1066 510 1210 536 urnae.

140 565 240 604 haec
262 565 358 603 (lata
379 578 511 616 poena
536 564 607 603 diu
631 564 881 610 viventibus,
908 566 956 602 ut
978 565 1174 602 renovata

141 643 301 682 sempor
322 630 437 669 clade
459 630 607 668 domus
629 629 774 668 multis
795 629 837 667 in
860 629 1043 668 luctibus
1072 627 1201 679 inque

140 698 343 747 perpetuo
364 707 545 733 maerore
566 697 607 733 ct
628 694 748 745 nigra
770 697 882 733 veste
912 694 1140 733 senescant.

141 773 212 800 rex
235 760 390 811 Pylius,
416 773 567 811 magno
589 759 621 798 si
644 759 874 810 quidquam
897 757 1030 798 credis
1052 757 1250 804 Homero,

141 825 379 876 exemplum
402 824 510 863 vitae
531 824 616 863 fuit
636 838 660 863 a
679 823 843 863 cornice
865 823 1084 862 secundae.

141 890 243 929 felix
264 889 481 936 nimirum,
507 889 578 940 qui
600 892 663 928 tot
683 902 756 940 per
777 888 941 928 saecula
961 890 1139 927 mortem

142 955 308 994 distulit
328 958 454 1005 atque
477 967 570 993 suos
591 953 673 993 iam
695 954 841 992 dextra
862 954 1066 1004 conputat
1088 964 1232 999 annos,

143 1020 298 1071 quique
319 1032 475 1058 novum
496 1019 649 1057 totiens
670 1021 858 1057 mustum
881 1017 999 1057 bibit.
1060 1030 1145 1064 oro,
1169 1028 1396 1068 parumper

142 1084 333 1123 attendas
355 1086 560 1136 qnantum
583 1083 633 1122 de
654 1083 816 1134 legibus
836 1082 923 1133 ipse
946 1084 1149 1133 queratur

143 1149 327 1188 fatorum
349 1151 390 1188 et
411 1148 542 1187 nimio
563 1148 613 1187 de
634 1147 825 1195 stamine,
850 1160 946 1186 cum
969 1147 1084 1186 videt
1104 1145 1210 1200 acris

144 1213 361 1253 Antilochi
382 1214 551 1252 barbam
572 1213 803 1259 ardentem,
829 1225 925 1251 cum
948 1211 1111 1263 quaerit
1131 1200 1181 1249 ab
1204 1209 1319 1249 omni

144 1279 332 1331 quisquis
352 1278 468 1317 adest
488 1278 635 1324 socius,
660 1291 735 1316 cur
755 1278 856 1316 haec
877 1277 922 1315 in
944 1280 1133 1328 tempora
1154 1275 1293 1322 duret,

144 1344 255 1395 quod
277 1343 441 1382 facinus
461 1342 639 1394 dignum
660 1344 747 1381 tam
767 1342 894 1393 longo
915 1340 1133 1380 admiserit
1153 1352 1265 1379 aevo.

143 1408 243 1448 haec
264 1409 407 1448 eadem
430 1408 576 1447 Peleus
598 1409 767 1459 raptum
788 1420 885 1446 cum
905 1406 1025 1458 luget
1046 1404 1257 1452 Achillen,

143 1476 269 1525 atque
289 1471 395 1512 alius
414 1472 482 1512 cui
503 1473 566 1511 fas
588 1472 784 1511 Ithacum
804 1471 948 1523 lugere
969 1472 1197 1510 natantem.

144 1538 345 1578 incolumi
368 1538 493 1577 Troia
515 1537 706 1576 Priamus
729 1537 907 1576 venisset
927 1536 978 1575 ad
1001 1535 1170 1574 umbras

146 1603 333 1642 Assaraci
355 1602 517 1654 magnis
538 1601 810 1641 sollemnibus
832 1601 1014 1640 Hectore
1034 1601 1165 1640 funus

143 1671 338 1720 portante
358 1681 405 1707 ac
425 1668 596 1719 reliquis
617 1667 798 1706 fratrum
820 1665 1050 1705 cervicibus
1071 1665 1182 1704 inter

146 1733 327 1772 Iliadum
350 1732 553 1779 lacrimas,
578 1735 626 1771 ut
648 1731 802 1784 primos
823 1731 943 1770 edere
964 1730 1159 1782 planctus

147 1798 377 1837 Cassandra
398 1797 601 1849 inciperet
621 1796 826 1847 scissaque
849 1795 1059 1846 Polyxena
1078 1794 1203 1846 palla,

145 1863 176 1902 si
198 1863 309 1902 foret
329 1862 546 1901 extinctus
567 1861 729 1900 diverso
752 1863 952 1912 tempore,
978 1872 1060 1911 quo
1081 1871 1166 1898 non

144 1930 335 1979 coeperat
354 1927 529 1966 audaces
551 1925 667 1965 Paris
687 1925 904 1964 aedificare
925 1924 1099 1963 carinas.

144 1993 269 2044 longa
289 1992 375 2031 (lies
397 1991 528 2043 igitur
549 1991 651 2042 quid
672 1989 886 2030 contulit?
942 1988 1082 2028 omnia
1099 1987 1204 2027 vidit

144 2070 283 2097 eversa
302 2059 344 2097 et
365 2056 543 2096 flammis
558 2056 703 2095 Asiam
723 2056 917 2106 ferroque
938 2053 1171 2093 cadentem.

145 2124 248 2161 tunc
269 2122 388 2161 miles
409 2121 614 2161 tremulus
634 2112 769 2172 posita
792 2119 890 2158 tulit
910 2132 1025 2158 arma
1046 2109 1150 2157 tiara

145 2190 187 2227 et
207 2187 295 2226 ruit
314 2190 410 2226 ante
431 2200 544 2226 aram
565 2185 719 2225 summi
740 2184 850 2224 Iovis
873 2186 920 2223 ut
941 2182 1107 2223 vetulus
1129 2183 1213 2230 bos,

147 2252 218 2304 qui
240 2252 400 2291 domini
422 2251 568 2291 cultris
588 2253 716 2290 tenue
737 2252 780 2290 et
800 2248 1034 2288 miserabile
1055 2247 1210 2287 collum

145 2317 314 2369 praebet
335 2317 385 2369 ab
406 2316 571 2367 ingrato
592 2316 674 2355 iam
696 2314 912 2354 fastiditus
931 2315 1080 2353 aratro.

146 2381 282 2421 exitus
302 2370 372 2420 ille
395 2384 623 2431 utcumque
643 2379 841 2426 hominis,
867 2379 934 2417 sed
959 2380 1077 2416 torva
1097 2376 1247 2416 canino

145 2445 316 2485 latravit
336 2445 445 2485 rictu
467 2457 571 2497 quae
591 2447 685 2497 post
704 2443 820 2483 hunc
842 2443 1000 2482 vixerat
1019 2453 1138 2480 uxor.

1524 369 1602 407 240

1524 692 1601 730 245

1525 1016 1603 1054 250

1528 1340 1604 1378 255

1528 1665 1606 1704 260

1528 1989 1604 2027 265

1526 2288 1644 2352 aa?
