1778 2693
138 129 193 170 66
623 141 663 170 ι).
700 141 825 169 IVNII
858 141 1109 170 IVVENALIS

138 247 179 281 et
202 245 356 289 tamen,
380 244 429 281 ut
448 241 571 293 longe
593 246 756 294 repetas
777 243 981 294 longeque
1001 242 1186 283 revolvas

140 320 306 353 nomen,
330 307 380 345 ab
402 306 550 346 infami
572 311 739 358 gentem
761 307 932 346 deducis
952 307 1083 359 asy103

139 371 344 410 maiorum
366 371 541 423 primus,
565 371 752 423 quisquis
772 372 857 410 fuit
877 372 961 419 ille,
986 374 1157 412 tuorum

138 440 212 475 aut
233 439 371 488 pastor
391 436 476 474 fuit
495 439 569 474 aut
590 436 696 475 illud
719 437 828 488 quod
851 437 987 476 dicere
1007 436 1117 476 nolo.

736 553 925 587 SATVRA
957 554 1009 587 IX
1043 570 1046 571 ⁷

141 633 253 671 Scire
273 632 412 679 velim,
438 645 564 683 quare
585 632 741 671 totiens
761 632 881 679 mihi,
906 632 946 671 N
949 631 1102 679 aevole,
1126 631 1259 672 tristis

140 710 330 736 occurras
350 698 490 736 fronte
510 696 691 736 obducta
710 710 787 736 ceu
810 697 974 748 Marsya
993 696 1142 736 victus.

141 761 240 812 quid
266 761 339 800 tibi
361 775 457 800 cum
479 761 615 808 vultu,
641 762 806 813 qualem
828 762 1057 813 deprensus
1076 761 1256 800 habebat

140 826 294 865 llavola
314 826 414 865 dum
440 826 660 878 Rhodopes
681 826 764 866 uda
785 826 884 865 terit
905 826 1081 878 inguina
1102 826 1260 865 barba?

141 904 213 930 nos
233 891 457 942 colaphum
480 891 710 930 incutimus
731 891 933 930 lambenti
954 891 1141 930 crustula
1160 903 1288 931 servo.

141 969 223 995 non
245 956 324 995 crit
345 956 422 995 hac
442 956 548 995 facie
568 956 844 995 miserabilior
866 956 1112 1008 Crepereius

142 1021 288 1067 Pollio,
314 1021 385 1072 qui
408 1021 616 1073 triplicem
639 1035 807 1060 usuram
831 1024 1039 1073 praestare
1059 1024 1229 1073 paratus

141 1086 336 1125 circumit
355 1097 396 1125 et
417 1087 557 1125 fatuos
577 1099 661 1125 non
684 1086 859 1125 invenit.
922 1086 1035 1125 unde
1056 1088 1226 1138 repente

141 1153 204 1190 tot
225 1152 382 1202 rugae?
439 1153 549 1190 certe
569 1151 733 1190 modico
754 1153 978 1190 contentus
998 1151 1146 1202 agebas

140 1228 310 1255 vernam
331 1215 530 1267 equitem,
555 1216 729 1254 conviva
748 1216 837 1255 ioco
862 1216 1081 1255 mordente
1100 1215 1262 1254 facetus

140 1284 182 1320 et
202 1281 356 1319 salibus
377 1280 599 1319 vehemens
618 1280 731 1319 intra
750 1280 936 1332 pomeria
956 1280 1079 1319 natis.

141 1345 282 1385 omnia
302 1359 416 1384 nunc
436 1348 601 1384 contra:
632 1345 775 1384 vultus
794 1345 947 1396 gravis,
971 1345 1141 1384 horrida
1160 1344 1289 1384 siccae

141 1410 244 1449 silva
264 1423 419 1457 comae,
444 1410 587 1449 nullus
608 1412 696 1449 tota
716 1410 830 1449 nitor
849 1409 894 1448 in
915 1412 1025 1457 cute,
1051 1409 1216 1461 qualem

142 1475 312 1514 Bruttia
331 1475 567 1527 praestabat
587 1475 712 1514 calidi
733 1475 810 1514 tibi
831 1475 958 1514 fascia
979 1474 1094 1522 visci,

141 1541 211 1579 sed
234 1540 462 1579 fruticante
485 1540 570 1590 pilo
592 1540 782 1591 neglecta
801 1542 843 1579 et
863 1539 1054 1591 squalida
1074 1552 1209 1579 crura.

143 1605 244 1656 quid
266 1605 418 1644 macies
437 1605 550 1656 aegri
572 1604 736 1652 veteris,
761 1618 884 1656 quem
907 1609 1094 1655 tempore
1114 1604 1241 1656 longo

142 1672 274 1709 torret
294 1674 443 1721 quarta
463 1670 550 1709 dies
570 1669 755 1721 olimque
775 1669 1002 1708 domestica
1023 1669 1152 1708 febris
1165 1670 1184 1708 ?

142 1735 374 1786 deprendas
394 1734 522 1773 animi
545 1737 755 1773 tormenta
774 1734 944 1773 latentis
966 1733 1010 1772 in
1030 1746 1153 1785 aegro

142 1813 326 1852 corpore,
351 1799 582 1851 deprendas
602 1801 645 1838 et
665 1799 836 1850 gaudia3
868 1799 997 1838 sumit
1019 1801 1246 1851 utrumque

144 1864 241 1903 inde
262 1864 455 1903 habitum
475 1863 615 1903 facies.
675 1863 806 1915 igitur
828 1863 986 1902 flexisse
1008 1862 1160 1902 videris

143 1929 404 1982 propositum
425 1932 467 1968 et
488 1929 596 1968 vitae
616 1928 852 1968 contrarius
873 1928 932 1967 ire
953 1928 1096 1980 priori.

143 2007 277 2045 nuper
297 1994 425 2040 enim,
449 1996 498 2032 ut
518 1996 673 2045 repeto,
699 1993 847 2032 fanum
870 1992 993 2031 Isidis
1013 1996 1055 2031 et
1076 1992 1361 2044 Ganymedem

146 2059 262 2097 Pacis
282 2065 324 2098 et
343 2059 538 2098 advectae
558 2061 714 2098 secreta
736 2058 898 2097 Palatia
918 2057 1064 2096 matris

145 2127 187 2161 et
209 2123 552 2162 Cererem—nam
576 2137 656 2175 quo
679 2136 762 2162 non
785 2124 944 2174 prostat
965 2121 1123 2161 femina
1145 2121 1301 2174 templo
1317 2122 1390 2160 Ῥ-

145 2187 282 2226 notior
306 2187 473 2225 Aufidio
495 2187 691 2226 moechus
711 2187 908 2226 scelerare
929 2186 1098 2233 solebas,

145 2253 338 2303 quodque
361 2256 482 2299 taces,
507 2252 616 2302 ipsos
636 2252 761 2291 etiam
784 2252 985 2291 inclinare
1007 2251 1192 2290 maritos.

202 2317 211 2333 ⁴
229 2317 331 2355 utile
353 2320 394 2355 et
415 2316 492 2355 hoc
514 2317 658 2355 multis
680 2317 787 2355 vitae
809 2330 953 2367 genus,
977 2318 1020 2355 at
1040 2315 1146 2354 mihi
1167 2315 1333 2354 nullum

146 2382 243 2421 inde
263 2394 409 2433 operae
429 2381 626 2433 pretium.
688 2381 866 2433 pingues
885 2381 1111 2432 aliquando
1131 2380 1331 2429 lacernas,

146 2445 411 2485 munimenta
431 2448 565 2497 togae,
589 2445 685 2485 duri
706 2445 913 2497 crassique
934 2444 1082 2485 coloris

1519 437 1599 479 275

1553 1215 1603 1254 10

1554 1540 1603 1579 15

1552 1865 1604 1903 20

1553 2189 1602 2226 25

1765 1885 1778 1945 *fi-
