1778 2693
201 165 255 196 20
685 164 725 192 D.
761 163 889 192 IVNII
920 162 1174 191 IVVENALIS

199 264 418 304 interdum
440 267 483 304 et
504 264 617 304 ferro
639 263 807 303 subitus
829 266 1042 314 grassator
1064 261 1153 313 agit
1174 275 1293 312 rem;

199 336 362 369 armato
385 329 585 381 quotiens
608 332 727 367 tutae
750 328 928 367 custode
950 330 1155 366 tenentur

199 398 241 434 et
265 394 494 445 Pomptina
516 393 637 445 palus
659 397 701 431 et
725 392 958 431 Gallinaria
978 392 1120 444 pinus,

199 459 257 498 sic
280 459 379 497 inde
402 458 485 497 11110
508 470 653 497 omnes
675 460 895 509 tamquam
917 457 969 496 ad
992 457 1151 496 vivaria
1172 458 1366 496 currunt.

199 538 282 576 qua
303 524 476 562 fornace
497 536 659 575 graves,
685 535 768 574 qua
784 535 870 561 non
891 522 1048 561 incude
1070 526 1244 561 catenae
1266 521 1283 560 Ρ
1310 522 1311 526 ’

199 588 408 627 maximus
430 587 474 626 111
496 587 647 626 vinclis
669 587 772 626 ferri
795 587 962 634 modus,
986 588 1035 625 ut
1057 586 1207 626 timeas
1228 598 1282 625 ne

199 667 343 693 vomer
367 652 552 699 deficiat,
578 665 630 691 ne
653 665 813 690 marrae
837 655 879 690 et
901 652 1066 691 sarcula
1089 652 1242 692 desint.

198 718 344 758 felices
365 730 620 771 proavorum
642 720 802 763 atavos,
826 716 970 756 felicia
992 717 1107 757 dicas

199 784 366 823 saecula
389 796 496 836 quae
519 782 736 834 quondam
758 782 836 820 sub
859 781 1028 833 regibus
1050 786 1178 835 atque
1200 782 1388 823 tribunis

198 848 401 887 viderunt
424 861 509 887 11110
531 849 780 886 contentam
803 859 968 885 carcere
992 847 1182 886 Romam.

251 913 317 953 his
338 913 440 952 alias
461 915 655 964 poteram
677 914 719 950 et
740 911 875 963 pluris
897 912 1149 951 subnectere
1171 925 1330 952 causas.

198 978 271 1018 sed
292 978 486 1017 iumenta
508 980 662 1029 vocant
685 979 727 1015 et
749 976 809 1016 sol
832 976 1028 1025 inclinat,
1053 977 1244 1016 eundum
1265 980 1329 1016 est
1347 991 1359 1027 3

199 1056 296 1082 nam
318 1043 424 1082 mihi
446 1045 659 1082 commota
680 1041 763 1080 iam
786 1041 950 1080 dudum
972 1042 1106 1081 mulio
1128 1042 1246 1094 virga

199 1108 363 1147 adnuit.
427 1120 526 1159 ergo
548 1107 639 1146 vale
661 1106 796 1145 nostri
819 1119 994 1154 memor,
1019 1110 1062 1146 et
1084 1107 1282 1159 quotiens
1303 1109 1346 1146 te

200 1174 332 1212 Roma
352 1176 429 1212 tuo
450 1171 565 1211 refici
586 1174 887 1223 properantem
908 1172 1059 1211 reddet
1080 1171 1267 1224 Aquino,

200 1250 265 1276 me
287 1249 455 1289 quoque
476 1237 530 1275 ad
552 1235 782 1274 Helvinam
806 1235 1001 1275 Cererem
1022 1241 1291 1287 vestramque
1314 1235 1497 1275 Dianam

200 1305 399 1341 converte
421 1314 444 1340 a
466 1300 623 1340 Cumis.
687 1303 929 1339 saturarum
952 1314 1044 1352 ego,
1068 1301 1112 1339 ni
1134 1301 1269 1353 pudet
1290 1300 1398 1348 illas,

199 1366 371 1405 auditor
390 1365 554 1418 gelidos
574 1364 743 1404 veniam
767 1365 977 1416 caligatus
999 1365 1043 1404 in
1065 1365 1219 1418 agros.'

791 1532 983 1566 SATVRA
1015 1532 1068 1565 IV

200 1636 311 1676 Eece
331 1635 490 1675 iterum
513 1633 749 1685 Crispinus,
774 1636 817 1672 et
838 1636 900 1672 est
922 1633 1028 1672 mihi
1049 1647 1172 1686 saepe
1193 1633 1410 1673 vocandus

200 1701 254 1740 ad
274 1703 430 1752 partes,
456 1701 697 1738 monstrum
718 1698 838 1737 nulla
859 1698 1021 1738 virtute
1042 1699 1313 1750 redemptum

201 1779 224 1805 a
245 1765 376 1813 vitiis,
397 1776 546 1816 aegrae
568 1762 741 1814 solaque
762 1762 941 1802 libidine
963 1763 1097 1802 fortes

202 1830 379 1869 deliciae
398 1842 406 1876 ;
429 1828 580 1868 viduas
602 1830 775 1865 tantum
797 1831 1024 1879 spernatur
1045 1828 1227 1868 adulter.

202 1895 306 1947 quid
328 1894 461 1933 refert
482 1892 618 1944 igitur
639 1892 812 1943 quantis
834 1892 1028 1931 iumenta
1048 1893 1205 1944 fatiget

202 1959 453 2012 porticibus,
479 1960 640 2010 quanta
662 1969 887 1996 nemorum
908 1960 1103 1996 vectetur
1124 1957 1167 1996 in
1189 1957 1354 2005 umbra,

203 2025 350 2076 iugera
371 2028 476 2075 quot
496 2022 638 2062 vicina
659 2022 767 2069 foro,
789 2035 892 2074 quas
915 2022 1065 2061 emerit
1086 2022 1209 2061 aedes
1232 2021 1250 2060 Ρ

202 2102 328 2128 1101110
349 2088 485 2127 malus
508 2088 626 2135 felix,
651 2087 827 2127 minime
849 2090 1074 2138 corruptor
1096 2090 1138 2125 et
1159 2086 1273 2125 idem

203 2155 406 2200 incestus,
431 2166 528 2192 011111
551 2166 634 2204 quo
656 2165 792 2204 nuper
813 2152 969 2191 vittata
990 2151 1154 2190 iacebat

204 2218 411 2270 sanguine
433 2217 573 2256 adhuc
595 2218 691 2256 vivo
713 2221 870 2256 terram
893 2216 1088 2255 subitura
1110 2216 1317 2255 sacerdos.

204 2283 277 2323 sed
298 2295 412 2321 1111110
436 2282 486 2321 de
509 2282 635 2321 factis
656 2282 900 2321 levioribus.
961 2285 1004 2321 et
1024 2284 1167 2320 tamen
1189 2280 1297 2319 alter

204 2348 238 2388 si
263 2347 433 2387 fecisset
456 2347 583 2393 idem,
609 2347 779 2386 caderet
801 2346 878 2385 sub
899 2346 1040 2385 iudice
1062 2358 1228 2384 morum
1247 2358 1257 2393 ;

204 2426 303 2451 nam
325 2412 439 2463 quod
459 2414 585 2463 turpe
606 2411 728 2450 bonis
750 2411 865 2450 Titio
888 2410 1081 2462 Seioque,
1106 2409 1283 2448 decebat

207 2476 465 2529 Crispinum.
527 2475 635 2528 quid·
651 2488 764 2529 agaS,
790 2488 888 2516 cum
909 2475 1001 2517 dira
1021 2478 1065 2516 et
1084 2473 1250 2515 foedior
1270 2473 1386 2514 omni

1578 261 1655 300 305

1578 585 1658 623 310

1579 913 1658 951 315

1580 1237 1658 1275 320

1608 2216 1659 2255 10
