1778 2693
195 123 244 165 52
689 121 728 149 D.
765 120 891 149 IVNII
923 118 1174 147 [VVENALIS

194 222 265 274 qui
287 221 390 261 facis
410 221 455 260 in
476 235 602 274 parva
621 220 816 260 sublimia
836 220 1020 259 carmina
1040 219 1158 266 cella,

197 291 242 325 ut
262 287 416 338 dignus
440 286 576 325 venias
597 285 762 324 hederis
783 287 825 323 ot
847 284 1028 334 imagine
1051 296 1200 323 macra.

193 365 283 404 spes
305 351 420 390 nulla
444 350 633 398 ulterior;
665 349 916 388 didiciffiam
939 349 1052 388 dives
1072 361 1220 388 avarus

194 420 361 455 tantum
383 415 595 461 admirari,
622 417 788 453 tantum
810 414 978 453 laudare
1000 414 1188 461 disertos,

197 486 242 519 ut
263 480 381 532 pueri
403 479 577 518 Iunonis
598 492 730 517 aveni.
790 478 861 516 sod
883 478 1031 517 defluit
1051 481 1162 517 aetas

194 550 235 584 et
256 545 389 596 pelagi
411 544 574 596 patiens
594 546 636 582 et
656 542 823 582 cassidis
845 546 970 594 atque
989 542 1156 594 ligonis.

195 610 332 648 taedia
353 614 455 648 tunc
476 609 658 648 subeunt
679 607 852 655 animos,
882 610 982 647 tunc
1003 620 1126 659 seque
1147 620 1348 658 suamque

195 674 499 725 Terpsichoren
521 673 610 712 odit
630 673 813 712 facunda
835 675 878 711 et
898 673 1011 711 nuda
1032 674 1232 711 senectus.

247 739 386 790 accipe
409 751 521 777 nunc
542 740 663 777 artes.
726 750 777 776 ne
800 737 902 788 quid
924 737 999 776 tibi
1022 737 1211 776 conferat
1231 735 1309 775 iste

195 816 319 855 quem
341 803 440 842 colis
461 805 502 842 et
524 803 740 841 Musarum
761 805 803 841 et
824 801 1036 853 Apollinis
1057 802 1156 840 aede
1178 800 1336 849 relicta,

194 868 281 918 ipse
302 868 404 907 facit
425 880 578 912 versus,
603 871 729 918 atque
752 866 825 905 uni
847 866 958 906 cedit
980 866 1164 905 Homero

194 936 365 984 propter
386 932 499 971 mille
520 945 662 971 annos.
725 934 766 970 et
787 931 820 970 si
841 931 1065 970 dulcedine
1084 931 1221 970 famae

194 1010 414 1036 succensus
434 996 594 1043 recites,
620 996 855 1035 Maculonis
875 996 1113 1035 commodat
1133 995 1264 1034 aedes.

196 1062 294 1101 haec
315 1062 438 1112 longe
459 1061 614 1100 ferrata
635 1061 783 1100 domus
803 1061 956 1100 servire
978 1061 1160 1108 iubetur,

195 1127 239 1165 in
260 1139 342 1178 qua
362 1125 559 1165 sollicitas
580 1125 772 1164 imitatur
793 1125 918 1165 ianua
938 1128 1091 1177 portas.

195 1191 272 1230 scit
292 1191 389 1230 dare
408 1191 580 1230 libertos
600 1196 714 1229 extre
729 1204 786 1229 na
806 1190 851 1228 in
872 1193 991 1242 parte
1013 1190 1196 1230 sedentis

195 1255 353 1295 ordinis
374 1258 416 1294 et
436 1268 607 1307 magnas
627 1255 831 1294 comitum
853 1255 1072 1306 disponere
1093 1268 1230 1295 voces:

195 1333 318 1360 nemo
339 1320 456 1359 dabit
477 1333 637 1372 regum,
663 1320 812 1371 quanti
834 1320 1029 1359 subsellia
1049 1322 1245 1359 constant

194 1389 236 1425 et
257 1399 361 1437 quae
382 1385 590 1425 conducto
612 1385 799 1437 pendent
818 1384 1049 1424 anabathra
1070 1384 1209 1436 tigillo

195 1463 383 1502 quaeque
404 1450 667 1502 reportandis
688 1450 826 1501 posita
845 1452 908 1489 est
928 1450 1140 1489 orchestra
1159 1449 1381 1490 cathedris.

194 1528 268 1554 nos
289 1518 429 1554 tamen
450 1515 528 1554 hoc
549 1515 712 1566 agimus
734 1515 936 1566 tenuique
956 1515 1001 1553 in
1021 1515 1192 1567 pulvere
1212 1514 1347 1554 sulcos

194 1580 387 1619 ducimus
409 1582 451 1619 et
470 1580 571 1619 litus
592 1579 723 1619 sterili
746 1593 955 1619 versamus
975 1584 1125 1619 aratro.

194 1658 291 1684 nam
313 1645 345 1684 si
367 1645 565 1692 discedas,
589 1645 736 1697 laqueo
757 1647 875 1684 tenet
895 1644 1106 1684 ambitiosi

194 1710 451 1749 consuetudo
473 1709 591 1758 mali3
625 1712 739 1749 tenet
760 1709 988 1749 insanabile
1009 1709 1164 1749 multos

193 1775 400 1814 scribendi
422 1776 638 1814 cacoethes
659 1776 701 1813 et
722 1787 844 1825 aegro
865 1774 909 1812 in
931 1774 1053 1813 corde
1074 1773 1261 1814 senescit.

194 1840 265 1879 sed
288 1843 425 1878 vatem
445 1839 677 1890 egregium,
702 1840 770 1877 cui
793 1852 876 1877 non
898 1838 952 1877 sit
972 1838 1141 1890 publica
1161 1851 1280 1886 vena,

194 1903 266 1956 qui
287 1904 347 1942 nil
369 1904 607 1955 expositum
628 1903 757 1942 soleat
777 1903 997 1950 deducere,
1023 1915 1097 1942 nec
1119 1902 1196 1954 qui.

193 1968 408 2008 communi
430 1968 557 2008 feriat
577 1981 743 2007 carmen
766 1967 929 2006 triviale
950 1969 1131 2014 moneta,

194 2033 322 2081 hunc,
348 2034 513 2085 qualem
535 2046 695 2084 nequeo
716 2035 949 2072 monstrare
971 2035 1014 2071 et
1034 2032 1168 2071 sentio
1191 2034 1373 2080 tantum,

194 2098 403 2137 anxietate
424 2111 567 2137 carens
588 2097 753 2137 animus
774 2097 892 2144 facit,
917 2097 1052 2137 omnis
1072 2097 1208 2136 acerbi

196 2162 418 2214 inpatiens,
443 2163 622 2214 cupidus
643 2162 843 2202 silvarum
864 2165 1072 2214 aptusque
1091 2161 1283 2201 bibendis

194 2227 384 2266 fontibus
407 2227 634 2267 Aonidum.
697 2240 833 2279 neque
854 2227 966 2267 enim
988 2229 1155 2266 cantare
1175 2227 1251 2266 sub
1271 2229 1393 2266 antro

196 2291 331 2330 Pierio
352 2291 630 2343 thyrsumque
654 2294 790 2344 potest
810 2291 1054 2343 contingere
1076 2296 1231 2330 maesta

194 2358 417 2408 paupertas
437 2360 561 2408 atque
582 2357 686 2396 aeris
707 2357 840 2408 inops,
865 2369 948 2409 quo
969 2358 1091 2395 nocte
1111 2356 1262 2407 dieque

194 2433 346 2474 corpus
365 2424 478 2473 eget:
510 2423 626 2461 satur
645 2424 708 2461 est
727 2434 824 2460 cum
846 2420 951 2460 dicit
971 2420 1174 2460 Horatius
1197 2420 1207 2438 ‘
1223 2420 1389 2461 euhoe.'

1600 350 1652 389 30

1600 674 1651 712 35

1602 997 1654 1036 40

1602 1322 1654 1361 45

1603 1971 1654 2008 55

1603 2294 1654 2332 60
