1778 2693
176 120 231 171 64
666 132 706 160 D.
742 132 868 160 IVNII
900 132 1151 161 IVVENALIS

175 231 349 270 damnat
369 231 481 271 enim
504 232 605 271 tales
625 231 807 279 habitus,
831 232 901 271 sed
922 233 1096 272 damnat
1115 237 1156 273 et
1176 234 1279 282 odit,

177 309 250 335 nec
271 297 386 347 galea
406 296 555 336 faciem
577 297 805 336 abscondit.
868 300 1007 337 movet
1027 311 1119 338 ecce
1140 300 1386 349 tridentem3

174 365 395 413 postquam
417 362 577 401 vibrata
596 362 824 414 pendentia
844 363 948 402 retia
968 364 1114 403 dextra

174 427 429 479 nequiquam
450 427 615 474 effudit,
640 427 803 466 nudum
824 428 875 467 ad
897 429 1132 480 spectacula
1152 430 1313 469 voltum

174 491 297 543 erigit
316 495 358 530 et
380 494 468 530 tota
486 491 600 543 fugit
620 493 907 543 agnoscendus
928 493 1094 533 harena.

173 557 402 603 credamus„
428 556 594 595 tunicae
615 557 665 596 de
685 557 877 597 faucibus
897 571 1020 597 aurea
1041 572 1137 598 cum
1157 572 1198 599 se

173 621 358 673 porrigat
378 624 420 660 et
439 621 565 672 longo
586 621 765 661 iactetur
785 622 895 674 spira
914 623 1067 674 galero.

172 699 268 737 ergo
290 686 564 737 ignominiam
585 687 817 738 graviorem
838 688 1013 739 pertulit
1033 688 1148 727 omni

172 751 342 790 vulnere
363 764 459 790 cum
483 751 670 790 Graccho
692 751 825 790 iussus
845 765 1033 803 pugnare
1053 755 1229 793 secutor.

225 815 354 855 libera
374 816 407 854 si
428 816 583 855 dentur
603 816 759 868 populo
780 817 993 868 suffragia,
1019 817 1111 868 quis
1133 820 1218 857 tam

171 880 359 932 perditus
381 883 428 919 ut
448 880 615 920 dubitet
636 880 834 920 Senecam
855 882 1064 933 praeferre
1086 882 1278 922 Neroni?

171 945 289 984 cuius
310 945 517 997 supplicio
540 959 624 984 non
645 946 791 985 debuit
812 959 896 985 una
916 946 1052 998 parari

171 1009 290 1048 simia
311 1022 385 1049 nee
406 1023 573 1061 serpens
595 1023 704 1049 unus
726 1023 800 1049 nec
821 1011 980 1050 culleus
1000 1024 1123 1050 unus.

170 1087 244 1126 par
265 1074 652 1126 Agamemnonidae
673 1075 845 1123 crimen,
870 1077 939 1115 sed
960 1089 1082 1116 causa
1101 1077 1204 1117 facit
1224 1091 1311 1117 rem

170 1139 426 1178 dissimilem.
490 1139 646 1191 quippe
667 1139 737 1179 ille
758 1140 846 1179 deis
866 1130 1106 1181 auctoribus
1128 1142 1240 1181 ultor

169 1204 300 1255 patris
320 1207 408 1243 erat
428 1204 534 1243 caesi
557 1204 693 1244 media
713 1204 824 1244 inter
844 1206 1006 1257 pocula,
1032 1207 1102 1246 sed
1124 1220 1198 1246 nec

170 1269 360 1308 Electrae
382 1269 526 1320 iugulo
547 1282 588 1308 se
609 1270 762 1321 polluit
782 1274 856 1309 aut
878 1270 1073 1322 Spartani

169 1333 371 1384 sanguine
392 1333 592 1385 coniugii,
618 1334 746 1373 nullis
766 1334 930 1373 aconita
953 1335 1200 1388 propinquis

169 1398 351 1445 miscuit,
376 1398 419 1436 in
441 1411 588 1437 scaena
608 1412 839 1450 numquam
861 1400 1048 1439 cantavit
1070 1400 1248 1449 Orestes,

170 1463 318 1503 Troica
338 1477 423 1502 non
444 1463 622 1515 scripsit.
684 1464 785 1515 quid
807 1465 917 1503 enim
941 1465 1167 1516 Verginius
1187 1467 1314 1506 armis

168 1528 315 1567 debuit
336 1528 479 1567 ulcisci
500 1528 633 1580 magis
653 1532 726 1568 aut
745 1542 842 1568 cum
864 1529 1043 1569 Vindice
1067 1530 1210 1579 Galba,

169 1593 280 1644 quod
302 1593 413 1632 Nero
434 1595 519 1632 tam
541 1606 659 1632 saeva
678 1594 888 1646 crudaque
918 1595 1140 1647 tyrannide
1160 1596 1293 1636 fecit?

168 1657 268 1697 haec
289 1670 413 1709 opera
431 1660 557 1709 atque
587 1658 663 1697 hae
685 1660 784 1697 sunt
804 1659 991 1710 generosi
1012 1659 1214 1712 principis
1233 1662 1355 1708 artes,

167 1722 389 1773 gaudentis
409 1722 532 1761 foedo
552 1723 772 1774 peregrina
791 1724 844 1762 ad
865 1723 1032 1775 pulpita
1051 1727 1179 1764 cantu

167 1787 364 1839 prostitui
387 1787 617 1839 Graiaeque
637 1788 781 1839 apium
802 1789 999 1828 meruisse
1020 1802 1208 1829 coronae.

167 1852 373 1891 maiorum
393 1852 549 1903 effigies
569 1852 751 1892 habeant
771 1852 953 1904 insignia
973 1854 1097 1902 vocis,

166 1920 262 1956 ante
284 1917 407 1969 pedes
428 1917 589 1956 Domiti
611 1917 785 1969 longum
808 1921 854 1956 tu
877 1931 985 1969 pone
1006 1919 1213 1970 Thyestae

166 1994 302 2033 syrma
324 1982 386 2020 vel
408 1981 647 2033 Antigonae
667 1995 887 2034 personam
910 1983 973 2022 vel
995 1983 1275 2036 Melanippae,

165 2049 207 2085 et
227 2047 278 2085 (le
299 2060 529 2086 marmoreo
549 2047 754 2086 citharam
777 2048 981 2099 suspende
1001 2048 1166 2088 colosso.

220 2112 336 2163 quid,
362 2111 558 2159 Catilina,
586 2112 668 2151 tuis
689 2112 899 2152 natalibus
919 2115 1044 2164 atque
1067 2113 1241 2166 Cethegi

165 2176 350 2216 inveniet
371 2176 591 2228 quisquam
614 2178 866 2216 sublimius?
923 2191 1038 2217 arma
1059 2181 1198 2218 tamen
1221 2193 1290 2219 vos

164 2244 371 2280 nocturna
391 2243 433 2280 et
453 2241 639 2281 flammas
660 2242 853 2281 domibus
875 2243 1124 2294 templisque
1144 2243 1314 2295 paratis,

164 2308 212 2344 ut
232 2306 496 2344 bracatorum
517 2306 636 2357 pueri
660 2306 956 2358 Senonumque
978 2307 1171 2354 minores,

162 2370 250 2409 ausi
273 2370 385 2421 quod
405 2370 528 2410 liceat
548 2371 692 2410 tunica
714 2371 863 2423 punire
884 2372 1070 2411 molesta.

163 2435 233 2475 sed
254 2434 402 2487 vigilat
421 2435 566 2475 consul
590 2436 820 2488 vexillaque
841 2438 977 2476 vestra
997 2439 1177 2486 coercet;

1553 433 1629 471 205

1551 756 1628 794 210

1550 1080 1626 1118 215

1549 1405 1626 1444 220

1547 1729 1624 1767 225

1544 2054 1622 2092 230

1541 2377 1618 2416 235
