<?xml version="1.0" encoding="UTF-8"?>
<!DOCTYPE html PUBLIC "-//W3C//DTD XHTML 1.0 Transitional//EN"
    "http://www.w3.org/TR/xhtml1/DTD/xhtml1-transitional.dtd">
<html xmlns="http://www.w3.org/1999/xhtml" xml:lang="en" lang="en">
 <head>
  <title>
</title>
<meta http-equiv="Content-Type" content="text/html;charset=utf-8" />
  <meta name='ocr-system' content='tesseract 3.04.00' />
  <meta name='ocr-capabilities' content='ocr_page ocr_carea ocr_par ocr_line ocrx_word'/>
</head>
<body>
  <div class='ocr_page' id='page_1' title='image "./saturarumlibriv00juveuoft_0147.png"; bbox 0 0 1778 2693; ppageno 0'>
   <div class='ocr_carea' id='block_1_1' title="bbox 700 116 998 145">
    <p class='ocr_par' dir='ltr' id='par_1_1' title="bbox 700 116 998 145">
     <span class='ocr_line' id='line_1_1' title="bbox 700 116 998 145; baseline -0.003 -1"><span class='ocrx_word' id='word_1_1' title='bbox 700 116 877 145; x_wconf 71' lang='lat' dir='ltr'>SATVRA</span> <span class='ocrx_word' id='word_1_2' title='bbox 910 116 998 144; x_wconf 71' lang='lat' dir='ltr'>VIII</span> 
     </span>
    </p>
   </div>
   <div class='ocr_carea' id='block_1_2' title="bbox 116 217 1407 2421">
    <p class='ocr_par' dir='ltr' id='par_1_2' title="bbox 116 217 1407 2291">
     <span class='ocr_line' id='line_1_2' title="bbox 118 217 1161 270; baseline -0.001 -13"><span class='ocrx_word' id='word_1_3' title='bbox 118 217 188 257; x_wconf 89' lang='lat' dir='ltr'>hic</span> <span class='ocrx_word' id='word_1_4' title='bbox 208 230 341 257; x_wconf 86' lang='lat' dir='ltr'>novus</span> <span class='ocrx_word' id='word_1_5' title='bbox 361 217 558 270; x_wconf 84' lang='lat' dir='ltr'><strong>Arpinas,</strong></span> <span class='ocrx_word' id='word_1_6' title='bbox 583 217 779 269; x_wconf 86' lang='lat' dir='ltr'>ignobilis</span> <span class='ocrx_word' id='word_1_7' title='bbox 798 219 841 256; x_wconf 89' lang='lat' dir='ltr'>et</span> <span class='ocrx_word' id='word_1_8' title='bbox 860 217 985 256; x_wconf 92' lang='lat' dir='ltr'>modo</span> <span class='ocrx_word' id='word_1_9' title='bbox 1006 217 1161 256; x_wconf 86' lang='lat' dir='ltr'>Romae</span> 
     </span>
     <span class='ocr_line' id='line_1_3' title="bbox 119 281 1103 335; baseline -0.001 -14"><span class='ocrx_word' id='word_1_10' title='bbox 119 282 387 335; x_wconf 87' lang='lat' dir='ltr'>municipalis</span> <span class='ocrx_word' id='word_1_11' title='bbox 407 295 546 334; x_wconf 84' lang='lat' dir='ltr'>eques,</span> <span class='ocrx_word' id='word_1_12' title='bbox 571 283 782 334; x_wconf 85' lang='lat' dir='ltr'>galeatum</span> <span class='ocrx_word' id='word_1_13' title='bbox 803 282 927 334; x_wconf 87' lang='lat' dir='ltr'>ponit</span> <span class='ocrx_word' id='word_1_14' title='bbox 947 281 1103 333; x_wconf 86' lang='lat' dir='ltr'>ubique</span> 
     </span>
     <span class='ocr_line' id='line_1_4' title="bbox 118 347 1208 400; baseline -0.001 -13"><span class='ocrx_word' id='word_1_15' title='bbox 118 347 374 400; x_wconf 85' lang='lat' dir='ltr'>praesidium</span> <span class='ocrx_word' id='word_1_16' title='bbox 395 347 587 387; x_wconf 86' lang='lat' dir='ltr'>attonitis</span> <span class='ocrx_word' id='word_1_17' title='bbox 607 350 649 387; x_wconf 91' lang='lat' dir='ltr'>et</span> <span class='ocrx_word' id='word_1_18' title='bbox 671 347 714 386; x_wconf 90' lang='lat' dir='ltr'>in</span> <span class='ocrx_word' id='word_1_19' title='bbox 736 347 850 387; x_wconf 87' lang='lat' dir='ltr'>omni</span> <span class='ocrx_word' id='word_1_20' title='bbox 873 350 1016 386; x_wconf 90' lang='lat' dir='ltr'>monte</span> <span class='ocrx_word' id='word_1_21' title='bbox 1037 347 1208 386; x_wconf 84' lang='lat' dir='ltr'>laborat.</span> 
     </span>
     <span class='ocr_line' id='line_1_5' title="bbox 121 411 1139 464; baseline -0.002 -12"><span class='ocrx_word' id='word_1_22' title='bbox 121 415 287 452; x_wconf 89' lang='lat' dir='ltr'>tantum</span> <span class='ocrx_word' id='word_1_23' title='bbox 309 412 440 464; x_wconf 78' lang='lat' dir='ltr'>igitur</span> <span class='ocrx_word' id='word_1_24' title='bbox 461 426 602 452; x_wconf 89' lang='lat' dir='ltr'>muros</span> <span class='ocrx_word' id='word_1_25' title='bbox 622 412 735 452; x_wconf 86' lang='lat' dir='ltr'>intra</span> <span class='ocrx_word' id='word_1_26' title='bbox 755 415 853 464; x_wconf 82' lang='lat' dir='ltr'>toga</span> <span class='ocrx_word' id='word_1_27' title='bbox 873 412 1056 452; x_wconf 86' lang='lat' dir='ltr'>contulit</span> <span class='ocrx_word' id='word_1_28' title='bbox 1077 411 1139 451; x_wconf 86' lang='lat' dir='ltr'>illi</span> 
     </span>
     <span class='ocr_line' id='line_1_6' title="bbox 118 477 1281 530; baseline -0.001 -13"><span class='ocrx_word' id='word_1_29' title='bbox 118 477 301 518; x_wconf 86' lang='lat' dir='ltr'>nominis</span> <span class='ocrx_word' id='word_1_30' title='bbox 321 491 368 517; x_wconf 86' lang='lat' dir='ltr'>ac</span> <span class='ocrx_word' id='word_1_31' title='bbox 390 477 521 525; x_wconf 88' lang='lat' dir='ltr'>tituli,</span> <span class='ocrx_word' id='word_1_32' title='bbox 546 481 755 530; x_wconf 86' lang='lat' dir='ltr'>quantum</span> <span class='ocrx_word' id='word_1_33' title='bbox 777 478 820 516; x_wconf 86' lang='lat' dir='ltr'>in</span> <span class='ocrx_word' id='word_1_34' title='bbox 843 477 1047 525; x_wconf 83' lang='lat' dir='ltr'>Leucade,</span> <span class='ocrx_word' id='word_1_35' title='bbox 1073 479 1281 529; x_wconf 85' lang='lat' dir='ltr'>quantum</span> 
     </span>
     <span class='ocr_line' id='line_1_7' title="bbox 119 542 1052 595; baseline -0.001 -12"><span class='ocrx_word' id='word_1_36' title='bbox 119 543 355 583; x_wconf 81' lang='lat' dir='ltr'>Thessaliae</span> <span class='ocrx_word' id='word_1_37' title='bbox 375 543 532 595; x_wconf 85' lang='lat' dir='ltr'>campis</span> <span class='ocrx_word' id='word_1_38' title='bbox 555 542 754 582; x_wconf 78' lang='lat' dir='ltr'>Octavius</span> <span class='ocrx_word' id='word_1_39' title='bbox 774 543 948 582; x_wconf 76' lang='lat' dir='ltr'>abstulit</span> <span class='ocrx_word' id='word_1_40' title='bbox 970 543 1052 582; x_wconf 88' lang='lat' dir='ltr'>udo</span> 
     </span>
     <span class='ocr_line' id='line_1_8' title="bbox 118 608 1193 660; baseline -0.002 -12"><span class='ocrx_word' id='word_1_41' title='bbox 118 609 313 648; x_wconf 88' lang='lat' dir='ltr'>caedibus</span> <span class='ocrx_word' id='word_1_42' title='bbox 332 608 518 648; x_wconf 77' lang='lat' dir='ltr'>adsiduis</span> <span class='ocrx_word' id='word_1_43' title='bbox 537 609 691 660; x_wconf 84' lang='lat' dir='ltr'>gladio,</span> <span class='ocrx_word' id='word_1_44' title='bbox 716 609 787 648; x_wconf 83' lang='lat' dir='ltr'>scd</span> <span class='ocrx_word' id='word_1_45' title='bbox 811 609 942 648; x_wconf 84' lang='lat' dir='ltr'>Roma</span> <span class='ocrx_word' id='word_1_46' title='bbox 962 611 1193 660; x_wconf 89' lang='lat' dir='ltr'>parentem,</span> 
     </span>
     <span class='ocr_line' id='line_1_9' title="bbox 119 673 1173 726; baseline -0.002 -13"><span class='ocrx_word' id='word_1_47' title='bbox 119 673 251 714; x_wconf 85' lang='lat' dir='ltr'>Roma</span> <span class='ocrx_word' id='word_1_48' title='bbox 270 676 433 726; x_wconf 88' lang='lat' dir='ltr'>patrem</span> <span class='ocrx_word' id='word_1_49' title='bbox 456 673 614 725; x_wconf 85' lang='lat' dir='ltr'>patriae</span> <span class='ocrx_word' id='word_1_50' title='bbox 636 673 880 713; x_wconf 83' lang='lat' dir='ltr'>Ciceronem</span> <span class='ocrx_word' id='word_1_51' title='bbox 901 673 1030 712; x_wconf 86' lang='lat' dir='ltr'>libera</span> <span class='ocrx_word' id='word_1_52' title='bbox 1050 673 1173 712; x_wconf 74' lang='lat' dir='ltr'>dixit.</span> 
     </span>
     <span class='ocr_line' id='line_1_10' title="bbox 118 738 1106 791; baseline -0.001 -13"><span class='ocrx_word' id='word_1_53' title='bbox 118 738 302 791; x_wconf 83' lang='lat' dir='ltr'>Arpinas</span> <span class='ocrx_word' id='word_1_54' title='bbox 321 738 428 779; x_wconf 87' lang='lat' dir='ltr'>alius</span> <span class='ocrx_word' id='word_1_55' title='bbox 449 738 698 778; x_wconf 71' lang='lat' dir='ltr'>Volscorum</span> <span class='ocrx_word' id='word_1_56' title='bbox 719 738 762 777; x_wconf 87' lang='lat' dir='ltr'>in</span> <span class='ocrx_word' id='word_1_57' title='bbox 785 741 927 778; x_wconf 86' lang='lat' dir='ltr'>monte</span> <span class='ocrx_word' id='word_1_58' title='bbox 948 738 1106 778; x_wconf 87' lang='lat' dir='ltr'>solebat</span> 
     </span>
     <span class='ocr_line' id='line_1_11' title="bbox 117 803 995 856; baseline -0.002 -13"><span class='ocrx_word' id='word_1_59' title='bbox 117 817 285 856; x_wconf 91' lang='lat' dir='ltr'>poscere</span> <span class='ocrx_word' id='word_1_60' title='bbox 306 804 516 843; x_wconf 84' lang='lat' dir='ltr'>mercedes</span> <span class='ocrx_word' id='word_1_61' title='bbox 535 803 671 843; x_wconf 90' lang='lat' dir='ltr'>alieno</span> <span class='ocrx_word' id='word_1_62' title='bbox 692 803 823 843; x_wconf 86' lang='lat' dir='ltr'>lassus</span> <span class='ocrx_word' id='word_1_63' title='bbox 842 806 995 851; x_wconf 83' lang='lat' dir='ltr'>aratro,</span> 
     </span>
     <span class='ocr_line' id='line_1_12' title="bbox 118 868 1135 921; baseline -0.001 -13"><span class='ocrx_word' id='word_1_64' title='bbox 118 869 318 909; x_wconf 83' lang='lat' dir='ltr'>nodosam</span> <span class='ocrx_word' id='word_1_65' title='bbox 339 872 433 921; x_wconf 86' lang='lat' dir='ltr'>post</span> <span class='ocrx_word' id='word_1_66' title='bbox 453 869 554 908; x_wconf 88' lang='lat' dir='ltr'>haec</span> <span class='ocrx_word' id='word_1_67' title='bbox 575 868 797 920; x_wconf 82' lang='lat' dir='ltr'>frangebat</span> <span class='ocrx_word' id='word_1_68' title='bbox 817 868 971 908; x_wconf 81' lang='lat' dir='ltr'>vertice</span> <span class='ocrx_word' id='word_1_69' title='bbox 991 868 1135 916; x_wconf 84' lang='lat' dir='ltr'>vitem,</span> 
     </span>
     <span class='ocr_line' id='line_1_13' title="bbox 117 933 1020 986; baseline -0.001 -12"><span class='ocrx_word' id='word_1_70' title='bbox 117 934 151 974; x_wconf 87' lang='lat' dir='ltr'>si</span> <span class='ocrx_word' id='word_1_71' title='bbox 170 934 311 974; x_wconf 89' lang='lat' dir='ltr'>lentus</span> <span class='ocrx_word' id='word_1_72' title='bbox 331 934 451 986; x_wconf 85' lang='lat' dir='ltr'>pigra</span> <span class='ocrx_word' id='word_1_73' title='bbox 471 934 657 973; x_wconf 90' lang='lat' dir='ltr'>muniret</span> <span class='ocrx_word' id='word_1_74' title='bbox 676 937 811 973; x_wconf 86' lang='lat' dir='ltr'>castra</span> <span class='ocrx_word' id='word_1_75' title='bbox 830 933 1020 981; x_wconf 79' lang='lat' dir='ltr'>dolabra3</span> 
     </span>
     <span class='ocr_line' id='line_1_14' title="bbox 118 998 1237 1051; baseline -0.002 -12"><span class='ocrx_word' id='word_1_76' title='bbox 118 999 187 1039; x_wconf 83' lang='lat' dir='ltr'>hio</span> <span class='ocrx_word' id='word_1_77' title='bbox 209 1004 350 1039; x_wconf 87' lang='lat' dir='ltr'>tamen</span> <span class='ocrx_word' id='word_1_78' title='bbox 369 1002 412 1039; x_wconf 91' lang='lat' dir='ltr'>et</span> <span class='ocrx_word' id='word_1_79' title='bbox 434 999 625 1040; x_wconf 84' lang='lat' dir='ltr'>Cimbros</span> <span class='ocrx_word' id='word_1_80' title='bbox 644 1001 686 1038; x_wconf 90' lang='lat' dir='ltr'>et</span> <span class='ocrx_word' id='word_1_81' title='bbox 706 1012 871 1038; x_wconf 81' lang='lat' dir='ltr'>summa</span> <span class='ocrx_word' id='word_1_82' title='bbox 889 998 1077 1051; x_wconf 88' lang='lat' dir='ltr'>pericula</span> <span class='ocrx_word' id='word_1_83' title='bbox 1096 1012 1237 1038; x_wconf 90' lang='lat' dir='ltr'>rerum</span> 
     </span>
     <span class='ocr_line' id='line_1_15' title="bbox 116 1063 1154 1117; baseline -0.003 -12"><span class='ocrx_word' id='word_1_84' title='bbox 116 1064 273 1117; x_wconf 82' lang='lat' dir='ltr'>excipit</span> <span class='ocrx_word' id='word_1_85' title='bbox 293 1067 334 1104; x_wconf 94' lang='lat' dir='ltr'>et</span> <span class='ocrx_word' id='word_1_86' title='bbox 355 1064 466 1104; x_wconf 89' lang='lat' dir='ltr'>solus</span> <span class='ocrx_word' id='word_1_87' title='bbox 486 1064 769 1116; x_wconf 77' lang='lat' dir='ltr'>trepidantem</span> <span class='ocrx_word' id='word_1_88' title='bbox 790 1063 974 1116; x_wconf 75' lang='lat' dir='ltr'>protegit</span> <span class='ocrx_word' id='word_1_89' title='bbox 995 1064 1154 1103; x_wconf 87' lang='lat' dir='ltr'>urbem.</span> 
     </span>
     <span class='ocr_line' id='line_1_16' title="bbox 117 1128 1407 1182; baseline -0.002 -12"><span class='ocrx_word' id='word_1_90' title='bbox 117 1132 243 1182; x_wconf 86' lang='lat' dir='ltr'>atque</span> <span class='ocrx_word' id='word_1_91' title='bbox 263 1129 370 1177; x_wconf 84' lang='lat' dir='ltr'>ideo,</span> <span class='ocrx_word' id='word_1_92' title='bbox 394 1133 617 1182; x_wconf 84' lang='lat' dir='ltr'>postquam</span> <span class='ocrx_word' id='word_1_93' title='bbox 637 1129 690 1168; x_wconf 86' lang='lat' dir='ltr'>ad</span> <span class='ocrx_word' id='word_1_94' title='bbox 713 1129 905 1169; x_wconf 85' lang='lat' dir='ltr'>Cimbros</span> <span class='ocrx_word' id='word_1_95' title='bbox 925 1132 1190 1181; x_wconf 85' lang='lat' dir='ltr'>stragemque</span> <span class='ocrx_word' id='word_1_96' title='bbox 1211 1128 1407 1168; x_wconf 82' lang='lat' dir='ltr'>volabant</span> 
     </span>
     <span class='ocr_line' id='line_1_17' title="bbox 118 1193 1242 1248; baseline -0.001 -14"><span class='ocrx_word' id='word_1_97' title='bbox 118 1195 191 1248; x_wconf 91' lang='lat' dir='ltr'>qui</span> <span class='ocrx_word' id='word_1_98' title='bbox 212 1209 446 1247; x_wconf 88' lang='lat' dir='ltr'>numquam</span> <span class='ocrx_word' id='word_1_99' title='bbox 467 1195 697 1247; x_wconf 82' lang='lat' dir='ltr'>attigerant</span> <span class='ocrx_word' id='word_1_100' title='bbox 718 1195 875 1234; x_wconf 86' lang='lat' dir='ltr'>maiora</span> <span class='ocrx_word' id='word_1_101' title='bbox 895 1195 1096 1234; x_wconf 79' lang='lat' dir='ltr'>cadavera</span> <span class='ocrx_word' id='word_1_102' title='bbox 1115 1193 1242 1242; x_wconf 88' lang='lat' dir='ltr'>corvi,</span> 
     </span>
     <span class='ocr_line' id='line_1_18' title="bbox 117 1260 996 1312; baseline -0.003 -11"><span class='ocrx_word' id='word_1_103' title='bbox 117 1261 269 1301; x_wconf 89' lang='lat' dir='ltr'>nobilis</span> <span class='ocrx_word' id='word_1_104' title='bbox 289 1264 465 1300; x_wconf 88' lang='lat' dir='ltr'>ornatur</span> <span class='ocrx_word' id='word_1_105' title='bbox 484 1260 602 1300; x_wconf 84' lang='lat' dir='ltr'>lauro</span> <span class='ocrx_word' id='word_1_106' title='bbox 622 1260 780 1312; x_wconf 82' lang='lat' dir='ltr'>collega</span> <span class='ocrx_word' id='word_1_107' title='bbox 800 1261 996 1300; x_wconf 87' lang='lat' dir='ltr'>secunda.</span> 
     </span>
     <span class='ocr_line' id='line_1_19' title="bbox 117 1325 1132 1380; baseline -0.001 -15"><span class='ocrx_word' id='word_1_108' title='bbox 117 1326 300 1380; x_wconf 84' lang='lat' dir='ltr'>plebeiae</span> <span class='ocrx_word' id='word_1_109' title='bbox 322 1325 549 1365; x_wconf 88' lang='lat' dir='ltr'>Deciorum</span> <span class='ocrx_word' id='word_1_110' title='bbox 570 1325 748 1374; x_wconf 87' lang='lat' dir='ltr'>animae,</span> <span class='ocrx_word' id='word_1_111' title='bbox 773 1325 935 1378; x_wconf 85' lang='lat' dir='ltr'>plebeia</span> <span class='ocrx_word' id='word_1_112' title='bbox 954 1326 1132 1364; x_wconf 78' lang='lat' dir='ltr'>fuerunt</span> 
     </span>
     <span class='ocr_line' id='line_1_20' title="bbox 118 1390 1179 1443; baseline -0.001 -13"><span class='ocrx_word' id='word_1_113' title='bbox 118 1391 309 1438; x_wconf 88' lang='lat' dir='ltr'>nomina;</span> <span class='ocrx_word' id='word_1_114' title='bbox 340 1404 416 1443; x_wconf 90' lang='lat' dir='ltr'>pro</span> <span class='ocrx_word' id='word_1_115' title='bbox 437 1391 537 1430; x_wconf 89' lang='lat' dir='ltr'>totis</span> <span class='ocrx_word' id='word_1_116' title='bbox 557 1390 792 1442; x_wconf 86' lang='lat' dir='ltr'>legionibus</span> <span class='ocrx_word' id='word_1_117' title='bbox 811 1391 856 1429; x_wconf 91' lang='lat' dir='ltr'>hi</span> <span class='ocrx_word' id='word_1_118' title='bbox 878 1393 1019 1430; x_wconf 88' lang='lat' dir='ltr'>tamen</span> <span class='ocrx_word' id='word_1_119' title='bbox 1040 1393 1083 1430; x_wconf 90' lang='lat' dir='ltr'>et</span> <span class='ocrx_word' id='word_1_120' title='bbox 1102 1403 1179 1443; x_wconf 91' lang='lat' dir='ltr'>pro</span> 
     </span>
     <span class='ocr_line' id='line_1_21' title="bbox 117 1455 1089 1508; baseline -0.002 -12"><span class='ocrx_word' id='word_1_121' title='bbox 117 1456 313 1496; x_wconf 86' lang='lat' dir='ltr'>omnibus</span> <span class='ocrx_word' id='word_1_122' title='bbox 333 1456 500 1495; x_wconf 85' lang='lat' dir='ltr'>auxiliis</span> <span class='ocrx_word' id='word_1_123' title='bbox 521 1459 647 1507; x_wconf 86' lang='lat' dir='ltr'>atque</span> <span class='ocrx_word' id='word_1_124' title='bbox 667 1456 781 1495; x_wconf 87' lang='lat' dir='ltr'>omni</span> <span class='ocrx_word' id='word_1_125' title='bbox 803 1456 914 1508; x_wconf 88' lang='lat' dir='ltr'>pube</span> <span class='ocrx_word' id='word_1_126' title='bbox 936 1455 1089 1494; x_wconf 83' lang='lat' dir='ltr'>Latina</span> 
     </span>
     <span class='ocr_line' id='line_1_22' title="bbox 117 1520 1080 1572; baseline -0.002 -11"><span class='ocrx_word' id='word_1_127' title='bbox 117 1521 334 1561; x_wconf 88' lang='lat' dir='ltr'>sufficiunt</span> <span class='ocrx_word' id='word_1_128' title='bbox 354 1521 418 1560; x_wconf 88' lang='lat' dir='ltr'>dis</span> <span class='ocrx_word' id='word_1_129' title='bbox 438 1521 616 1561; x_wconf 80' lang='lat' dir='ltr'>infernis</span> <span class='ocrx_word' id='word_1_130' title='bbox 637 1521 873 1572; x_wconf 83' lang='lat' dir='ltr'>Terraeque</span> <span class='ocrx_word' id='word_1_131' title='bbox 894 1520 1080 1572; x_wconf 89' lang='lat' dir='ltr'>parenti;</span> 
     </span>
     <span class='ocr_line' id='line_1_23' title="bbox 117 1585 1227 1639; baseline 0.001 -14"><span class='ocrx_word' id='word_1_132' title='bbox 117 1586 251 1639; x_wconf 89' lang='lat' dir='ltr'>pluris</span> <span class='ocrx_word' id='word_1_133' title='bbox 271 1586 385 1626; x_wconf 87' lang='lat' dir='ltr'>enim</span> <span class='ocrx_word' id='word_1_134' title='bbox 407 1586 525 1625; x_wconf 85' lang='lat' dir='ltr'>Decii</span> <span class='ocrx_word' id='word_1_135' title='bbox 547 1599 673 1638; x_wconf 89' lang='lat' dir='ltr'>quam</span> <span class='ocrx_word' id='word_1_136' title='bbox 695 1599 800 1638; x_wconf 89' lang='lat' dir='ltr'>quae</span> <span class='ocrx_word' id='word_1_137' title='bbox 820 1589 1040 1625; x_wconf 90' lang='lat' dir='ltr'>servantur</span> <span class='ocrx_word' id='word_1_138' title='bbox 1060 1586 1111 1625; x_wconf 86' lang='lat' dir='ltr'>ab</span> <span class='ocrx_word' id='word_1_139' title='bbox 1132 1585 1227 1626; x_wconf 89' lang='lat' dir='ltr'>illis.</span> 
     </span>
     <span class='ocr_line' id='line_1_24' title="bbox 118 1650 1086 1699; baseline -0.001 -8"><span class='ocrx_word' id='word_1_140' title='bbox 118 1652 271 1691; x_wconf 85' lang='lat' dir='ltr'>ancilla</span> <span class='ocrx_word' id='word_1_141' title='bbox 290 1655 414 1691; x_wconf 86' lang='lat' dir='ltr'>natus</span> <span class='ocrx_word' id='word_1_142' title='bbox 435 1651 619 1691; x_wconf 84' lang='lat' dir='ltr'>trabeam</span> <span class='ocrx_word' id='word_1_143' title='bbox 641 1654 683 1691; x_wconf 90' lang='lat' dir='ltr'>et</span> <span class='ocrx_word' id='word_1_144' title='bbox 703 1651 898 1691; x_wconf 88' lang='lat' dir='ltr'>diadema</span> <span class='ocrx_word' id='word_1_145' title='bbox 919 1650 1086 1699; x_wconf 82' lang='lat' dir='ltr'>Quirini</span> 
     </span>
     <span class='ocr_line' id='line_1_25' title="bbox 117 1717 1202 1768; baseline -0.001 -11"><span class='ocrx_word' id='word_1_146' title='bbox 117 1720 160 1758; x_wconf 93' lang='lat' dir='ltr'>et</span> <span class='ocrx_word' id='word_1_147' title='bbox 179 1718 310 1757; x_wconf 81' lang='lat' dir='ltr'>fasces</span> <span class='ocrx_word' id='word_1_148' title='bbox 330 1717 499 1764; x_wconf 90' lang='lat' dir='ltr'>meruit,</span> <span class='ocrx_word' id='word_1_149' title='bbox 524 1730 670 1768; x_wconf 87' lang='lat' dir='ltr'>regum</span> <span class='ocrx_word' id='word_1_150' title='bbox 691 1717 870 1756; x_wconf 89' lang='lat' dir='ltr'>ultimus</span> <span class='ocrx_word' id='word_1_151' title='bbox 889 1717 960 1756; x_wconf 89' lang='lat' dir='ltr'>ille</span> <span class='ocrx_word' id='word_1_152' title='bbox 981 1717 1202 1756; x_wconf 89' lang='lat' dir='ltr'>bonorum.</span> 
     </span>
     <span class='ocr_line' id='line_1_26' title="bbox 117 1781 1153 1836; baseline -0.002 -14"><span class='ocrx_word' id='word_1_153' title='bbox 117 1782 285 1836; x_wconf 88' lang='lat' dir='ltr'>prodita</span> <span class='ocrx_word' id='word_1_154' title='bbox 305 1782 502 1822; x_wconf 81' lang='lat' dir='ltr'>laxabant</span> <span class='ocrx_word' id='word_1_155' title='bbox 521 1785 737 1835; x_wconf 86' lang='lat' dir='ltr'>portarum</span> <span class='ocrx_word' id='word_1_156' title='bbox 760 1782 943 1821; x_wconf 86' lang='lat' dir='ltr'>claustra</span> <span class='ocrx_word' id='word_1_157' title='bbox 962 1781 1153 1833; x_wconf 83' lang='lat' dir='ltr'>tyrannis</span> 
     </span>
     <span class='ocr_line' id='line_1_27' title="bbox 117 1847 1038 1900; baseline 0 -13"><span class='ocrx_word' id='word_1_158' title='bbox 117 1848 310 1888; x_wconf 84' lang='lat' dir='ltr'>exulibus</span> <span class='ocrx_word' id='word_1_159' title='bbox 330 1847 501 1887; x_wconf 87' lang='lat' dir='ltr'>iuvenes</span> <span class='ocrx_word' id='word_1_160' title='bbox 521 1847 652 1900; x_wconf 85' lang='lat' dir='ltr'>ipsius</span> <span class='ocrx_word' id='word_1_161' title='bbox 671 1847 853 1887; x_wconf 86' lang='lat' dir='ltr'>consulis</span> <span class='ocrx_word' id='word_1_162' title='bbox 873 1850 916 1887; x_wconf 91' lang='lat' dir='ltr'>et</span> <span class='ocrx_word' id='word_1_163' title='bbox 937 1861 1038 1900; x_wconf 92' lang='lat' dir='ltr'>quos</span> 
     </span>
     <span class='ocr_line' id='line_1_28' title="bbox 117 1912 1157 1965; baseline -0.001 -12"><span class='ocrx_word' id='word_1_164' title='bbox 117 1926 320 1965; x_wconf 84' lang='lat' dir='ltr'>magnum</span> <span class='ocrx_word' id='word_1_165' title='bbox 340 1912 499 1965; x_wconf 86' lang='lat' dir='ltr'>aliquid</span> <span class='ocrx_word' id='word_1_166' title='bbox 521 1912 649 1952; x_wconf 88' lang='lat' dir='ltr'>dubia</span> <span class='ocrx_word' id='word_1_167' title='bbox 668 1926 744 1965; x_wconf 87' lang='lat' dir='ltr'>pro</span> <span class='ocrx_word' id='word_1_168' title='bbox 764 1912 958 1952; x_wconf 90' lang='lat' dir='ltr'>libertate</span> <span class='ocrx_word' id='word_1_169' title='bbox 979 1913 1157 1960; x_wconf 88' lang='lat' dir='ltr'>deceret,</span> 
     </span>
     <span class='ocr_line' id='line_1_29' title="bbox 119 1978 1153 2030; baseline -0.002 -12"><span class='ocrx_word' id='word_1_170' title='bbox 119 1978 229 2030; x_wconf 85' lang='lat' dir='ltr'>quod</span> <span class='ocrx_word' id='word_1_171' title='bbox 252 1978 479 2017; x_wconf 88' lang='lat' dir='ltr'>miraretur</span> <span class='ocrx_word' id='word_1_172' title='bbox 498 1991 594 2017; x_wconf 90' lang='lat' dir='ltr'>cum</span> <span class='ocrx_word' id='word_1_173' title='bbox 617 1978 777 2018; x_wconf 84' lang='lat' dir='ltr'>Coclite</span> <span class='ocrx_word' id='word_1_174' title='bbox 800 1978 966 2017; x_wconf 81' lang='lat' dir='ltr'>Mucius</span> <span class='ocrx_word' id='word_1_175' title='bbox 985 1981 1027 2017; x_wconf 92' lang='lat' dir='ltr'>et</span> <span class='ocrx_word' id='word_1_176' title='bbox 1048 1991 1153 2029; x_wconf 86' lang='lat' dir='ltr'>quae</span> 
     </span>
     <span class='ocr_line' id='line_1_30' title="bbox 118 2043 1017 2096; baseline 0 -14"><span class='ocrx_word' id='word_1_177' title='bbox 118 2043 282 2096; x_wconf 88' lang='lat' dir='ltr'>imperii</span> <span class='ocrx_word' id='word_1_178' title='bbox 304 2043 409 2082; x_wconf 89' lang='lat' dir='ltr'>fines</span> <span class='ocrx_word' id='word_1_179' title='bbox 429 2043 679 2082; x_wconf 88' lang='lat' dir='ltr'>Tiberinum</span> <span class='ocrx_word' id='word_1_180' title='bbox 702 2043 818 2095; x_wconf 81' lang='lat' dir='ltr'>virgo</span> <span class='ocrx_word' id='word_1_181' title='bbox 835 2043 1017 2082; x_wconf 79' lang='lat' dir='ltr'>natavit:</span> 
     </span>
     <span class='ocr_line' id='line_1_31' title="bbox 118 2108 1095 2161; baseline 0 -13"><span class='ocrx_word' id='word_1_182' title='bbox 118 2108 282 2148; x_wconf 88' lang='lat' dir='ltr'>occulta</span> <span class='ocrx_word' id='word_1_183' title='bbox 301 2109 354 2148; x_wconf 83' lang='lat' dir='ltr'>ad</span> <span class='ocrx_word' id='word_1_184' title='bbox 374 2111 513 2160; x_wconf 87' lang='lat' dir='ltr'>patres</span> <span class='ocrx_word' id='word_1_185' title='bbox 533 2109 735 2161; x_wconf 78' lang='lat' dir='ltr'>produxit</span> <span class='ocrx_word' id='word_1_186' title='bbox 755 2108 931 2147; x_wconf 77' lang='lat' dir='ltr'>crimina</span> <span class='ocrx_word' id='word_1_187' title='bbox 954 2122 1095 2148; x_wconf 78' lang='lat' dir='ltr'>servus</span> 
     </span>
     <span class='ocr_line' id='line_1_32' title="bbox 118 2173 1076 2225; baseline 0 -13"><span class='ocrx_word' id='word_1_188' title='bbox 118 2173 322 2213; x_wconf 89' lang='lat' dir='ltr'>matronis</span> <span class='ocrx_word' id='word_1_189' title='bbox 341 2174 564 2225; x_wconf 84' lang='lat' dir='ltr'>lugendus,</span> <span class='ocrx_word' id='word_1_190' title='bbox 588 2176 632 2213; x_wconf 87' lang='lat' dir='ltr'>at</span> <span class='ocrx_word' id='word_1_191' title='bbox 651 2174 744 2213; x_wconf 92' lang='lat' dir='ltr'>illos</span> <span class='ocrx_word' id='word_1_192' title='bbox 766 2174 935 2213; x_wconf 81' lang='lat' dir='ltr'>verbera</span> <span class='ocrx_word' id='word_1_193' title='bbox 956 2173 1076 2212; x_wconf 86' lang='lat' dir='ltr'>iustis</span> 
     </span>
     <span class='ocr_line' id='line_1_33' title="bbox 118 2238 1060 2291; baseline -0.001 -13"><span class='ocrx_word' id='word_1_194' title='bbox 118 2238 324 2278; x_wconf 87' lang='lat' dir='ltr'>adficiunt</span> <span class='ocrx_word' id='word_1_195' title='bbox 344 2239 489 2291; x_wconf 90' lang='lat' dir='ltr'>poenis</span> <span class='ocrx_word' id='word_1_196' title='bbox 508 2242 550 2279; x_wconf 90' lang='lat' dir='ltr'>et</span> <span class='ocrx_word' id='word_1_197' title='bbox 571 2239 712 2290; x_wconf 79' lang='lat' dir='ltr'>legum</span> <span class='ocrx_word' id='word_1_198' title='bbox 734 2240 870 2291; x_wconf 83' lang='lat' dir='ltr'>prima</span> <span class='ocrx_word' id='word_1_199' title='bbox 891 2239 1060 2278; x_wconf 72' lang='lat' dir='ltr'>securis.</span> 
     </span>
    </p>

    <p class='ocr_par' dir='ltr' id='par_1_3' title="bbox 119 2303 1244 2421">
     <span class='ocr_line' id='line_1_34' title="bbox 172 2303 1244 2356; baseline 0 -12"><span class='ocrx_word' id='word_1_200' title='bbox 172 2303 283 2344; x_wconf 90' lang='lat' dir='ltr'>malo</span> <span class='ocrx_word' id='word_1_201' title='bbox 301 2307 422 2356; x_wconf 88' lang='lat' dir='ltr'>pater</span> <span class='ocrx_word' id='word_1_202' title='bbox 441 2304 520 2343; x_wconf 87' lang='lat' dir='ltr'>tibi</span> <span class='ocrx_word' id='word_1_203' title='bbox 541 2304 596 2344; x_wconf 89' lang='lat' dir='ltr'>sit</span> <span class='ocrx_word' id='word_1_204' title='bbox 617 2304 844 2351; x_wconf 88' lang='lat' dir='ltr'>Thersites,</span> <span class='ocrx_word' id='word_1_205' title='bbox 869 2304 1099 2343; x_wconf 86' lang='lat' dir='ltr'>dummodo</span> <span class='ocrx_word' id='word_1_206' title='bbox 1120 2306 1167 2343; x_wconf 86' lang='lat' dir='ltr'>tu</span> <span class='ocrx_word' id='word_1_207' title='bbox 1188 2304 1244 2344; x_wconf 89' lang='lat' dir='ltr'>sis</span> 
     </span>
     <span class='ocr_line' id='line_1_35' title="bbox 119 2369 1161 2421; baseline -0.001 -12"><span class='ocrx_word' id='word_1_208' title='bbox 119 2369 326 2409; x_wconf 90' lang='lat' dir='ltr'>Aeacidae</span> <span class='ocrx_word' id='word_1_209' title='bbox 345 2369 494 2409; x_wconf 90' lang='lat' dir='ltr'>similis</span> <span class='ocrx_word' id='word_1_210' title='bbox 514 2369 805 2421; x_wconf 81' lang='lat' dir='ltr'>Vulcaniaque</span> <span class='ocrx_word' id='word_1_211' title='bbox 827 2382 943 2408; x_wconf 84' lang='lat' dir='ltr'>arma</span> <span class='ocrx_word' id='word_1_212' title='bbox 962 2382 1161 2421; x_wconf 82' lang='lat' dir='ltr'>capessas,</span> 
     </span>
    </p>
   </div>
   <div class='ocr_carea' id='block_1_3' title="bbox 119 2433 1196 2534">
    <p class='ocr_par' dir='ltr' id='par_1_4' title="bbox 119 2433 1196 2534">
     <span class='ocr_line' id='line_1_36' title="bbox 119 2433 1196 2487; baseline 0 -13"><span class='ocrx_word' id='word_1_213' title='bbox 119 2447 246 2487; x_wconf 84' lang='lat' dir='ltr'>quam</span> <span class='ocrx_word' id='word_1_214' title='bbox 268 2436 308 2474; x_wconf 89' lang='lat' dir='ltr'>te</span> <span class='ocrx_word' id='word_1_215' title='bbox 329 2434 546 2474; x_wconf 87' lang='lat' dir='ltr'>Thersitae</span> <span class='ocrx_word' id='word_1_216' title='bbox 566 2434 745 2474; x_wconf 85' lang='lat' dir='ltr'>similem</span> <span class='ocrx_word' id='word_1_217' title='bbox 766 2434 974 2486; x_wconf 87' lang='lat' dir='ltr'>producat</span> <span class='ocrx_word' id='word_1_218' title='bbox 994 2433 1196 2475; x_wconf 85' lang='lat' dir='ltr'>Achilles.</span> 
     </span>
     <span class='ocr_line' id='line_1_37' title="bbox 339 2499 360 2534; baseline 0 0"><span class='ocrx_word' id='word_1_219' title='bbox 339 2499 360 2534; x_wconf 88' lang='lat'><strong>5</strong></span> 
     </span>
    </p>
   </div>
   <div class='ocr_carea' id='block_1_4' title="bbox 1504 413 1581 450">
    <p class='ocr_par' dir='ltr' id='par_1_5' title="bbox 1504 413 1581 450">
     <span class='ocr_line' id='line_1_38' title="bbox 1504 413 1581 450; baseline -0.013 0"><span class='ocrx_word' id='word_1_220' title='bbox 1504 413 1581 450; x_wconf 78' lang='lat'>240</span> 
     </span>
    </p>
   </div>
   <div class='ocr_carea' id='block_1_5' title="bbox 1504 739 1580 776">
    <p class='ocr_par' dir='ltr' id='par_1_6' title="bbox 1504 739 1580 776">
     <span class='ocr_line' id='line_1_39' title="bbox 1504 739 1580 776; baseline 0 0"><span class='ocrx_word' id='word_1_221' title='bbox 1504 739 1580 776; x_wconf 79' lang='lat'>245</span> 
     </span>
    </p>
   </div>
   <div class='ocr_carea' id='block_1_6' title="bbox 1505 1066 1582 1103">
    <p class='ocr_par' dir='ltr' id='par_1_7' title="bbox 1505 1066 1582 1103">
     <span class='ocr_line' id='line_1_40' title="bbox 1505 1066 1582 1103; baseline 0 0"><span class='ocrx_word' id='word_1_222' title='bbox 1505 1066 1582 1103; x_wconf 88' lang='grc'>250</span> 
     </span>
    </p>
   </div>
   <div class='ocr_carea' id='block_1_7' title="bbox 1505 1393 1582 1431">
    <p class='ocr_par' dir='ltr' id='par_1_8' title="bbox 1505 1393 1582 1431">
     <span class='ocr_line' id='line_1_41' title="bbox 1505 1393 1582 1431; baseline 0.013 -1"><span class='ocrx_word' id='word_1_223' title='bbox 1505 1393 1582 1431; x_wconf 86' lang='grc'>255</span> 
     </span>
    </p>
   </div>
   <div class='ocr_carea' id='block_1_8' title="bbox 1505 1719 1584 1757">
    <p class='ocr_par' dir='ltr' id='par_1_9' title="bbox 1505 1719 1584 1757">
     <span class='ocr_line' id='line_1_42' title="bbox 1505 1719 1584 1757; baseline -0.013 0"><span class='ocrx_word' id='word_1_224' title='bbox 1505 1719 1584 1757; x_wconf 85' lang='grc'>260</span> 
     </span>
    </p>
   </div>
   <div class='ocr_carea' id='block_1_9' title="bbox 1505 2046 1582 2083">
    <p class='ocr_par' dir='ltr' id='par_1_10' title="bbox 1505 2046 1582 2083">
     <span class='ocr_line' id='line_1_43' title="bbox 1505 2046 1582 2083; baseline 0 0"><span class='ocrx_word' id='word_1_225' title='bbox 1505 2046 1582 2083; x_wconf 84' lang='grc'>265</span> 
     </span>
    </p>
   </div>
  </div>
 </body>
</html>
