1778 2693
765 119 943 148 SATVRA
975 118 1002 148 V

156 231 264 272 quae
284 218 524 271 genuinum
544 218 726 271 agitent,
752 232 839 259 non
860 218 1138 258 admittentia
1159 231 1361 258 morsum.

155 284 229 324 sed
250 288 370 323 tener
392 288 434 323 et
456 283 605 323 niveus
627 283 830 336 mollique
853 284 1021 336 siligine
1044 284 1170 323 fictus

156 352 349 389 servatur
371 349 558 388 domino.
621 349 816 388 dextram
840 349 1038 389 cohibere
1062 351 1292 397 memento,

156 415 270 454 salva
292 415 346 453 sit
368 418 563 466 artoptae
587 414 836 454 reverentia.
897 415 1009 466 fingo
1032 418 1176 453 tamen
1200 417 1242 454 te

156 479 448 532 inprobulum,
474 483 668 531 superest:
690 479 776 518 illic
799 479 871 531 qui
896 492 1053 532 ponere
1075 482 1201 531 cogat
1220 493 1229 519 :

160 548 171 565 ‘
188 545 249 584 vis
270 549 317 583 tu
341 544 571 592 consuetis,
596 545 735 583 audax
757 545 950 593 conviva,
979 545 1176 584 canistris

156 609 324 662 impleri
346 610 553 661 panisque
576 609 641 648 tui
663 609 829 649 novisse
852 610 1036 650 colorem
1057 610 1098 649 P’

160 679 171 696 ‘
185 675 347 715 scilicet
369 675 448 714 hoc
471 676 628 722 fuerat,
648 679 824 727 proptor
847 675 961 727 quod
984 689 1106 728 saepe
1128 675 1280 715 relicta

157 740 338 792 coniuge
360 753 434 792 per
456 744 647 779 montem
669 741 895 780 adversum
926 741 1173 793 gelidasque
1195 739 1367 782 cucurri

157 805 385 858 Esquilias,
411 805 614 844 fremeret
636 819 758 845 saeva
781 819 878 845 cuin
902 806 1112 858 grandine
1134 819 1290 846 vernus

157 870 354 924 Iuppiter
376 874 418 909 et
441 870 577 909 multo
601 870 783 910 stillaret
801 871 985 923 paenula
1005 871 1184 911 nimbo.'

211 936 350 988 aspice
373 949 500 988 quani
522 935 650 987 longo
675 936 916 988 distinguat
938 940 1110 988 pectore
1131 937 1298 976 lancem

157 1014 265 1055 quae
286 1001 426 1040 fertur
448 1000 622 1040 domino
641 1001 809 1053 squilla,
835 1004 877 1040 et
899 1002 1054 1054 quibus
1077 1001 1265 1054 undique
1288 1003 1435 1056 saepta

157 1066 371 1119 asparagis
393 1079 476 1118 qua
499 1065 707 1118 despiciat
731 1066 926 1106 convivia
948 1067 1096 1114 cauda,

158 1133 262 1173 dum
282 1133 401 1172 venit
423 1132 576 1172 excelsi
600 1133 796 1172 manibus
825 1133 993 1172 sublata
1015 1131 1214 1171 ministri.

158 1199 231 1239 sed
251 1198 330 1238 tibi
353 1197 532 1237 dimidio
554 1198 813 1237 constrictus
836 1211 1073 1237 cammarus
1095 1211 1173 1237 ovo

157 1264 335 1317 ponitur
356 1263 510 1315 exigua
532 1263 676 1302 feralis
703 1277 806 1303 cena
827 1263 998 1315 patella.

158 1331 247 1384 ipse
263 1330 511 1370 Venafrano
533 1329 692 1381 piscem
719 1329 945 1381 perfundit
968 1343 975 1367 :
1007 1332 1051 1368 at
1072 1328 1141 1368 hic
1164 1328 1237 1381 qui

157 1395 342 1449 pallidus
364 1395 560 1434 adfertur
583 1394 736 1433 misero
758 1394 851 1441 tibi,
877 1394 1009 1433 caulis
1031 1394 1162 1433 olebit

157 1461 398 1501 lanternam
420 1473 430 1509 ;
462 1459 570 1498 illud
591 1459 702 1498 enim
726 1458 877 1498 vestris
899 1459 1027 1498 datur
1047 1459 1222 1498 alveolis
1243 1457 1359 1511 quod

159 1540 296 1567 canna
318 1526 595 1578 Micipsarum
622 1537 747 1577 prora
771 1523 968 1563 subvexit
989 1527 1128 1571 acuta,

158 1595 333 1645 propter
355 1591 469 1644 quod
493 1591 648 1630 Romae
674 1602 771 1628 cum
795 1589 979 1628 Boccare
1001 1602 1125 1628 nemo
1142 1589 1325 1637 lavatur,

159 1658 272 1711 quod
295 1660 413 1696 tutos
435 1656 563 1696 etiam
590 1655 696 1694 facit
714 1668 737 1694 a
762 1654 1032 1706 serpentibus
1054 1654 1170 1694 atris.

159 1726 318 1766 mullus
339 1726 420 1766 erit
442 1725 619 1772 domini,
648 1737 774 1777 quem
796 1721 913 1761 misit
937 1721 1106 1761 Corsica
1128 1721 1191 1760 vel
1214 1734 1342 1773 quem

160 1791 547 1831 Tauromenitanae
570 1803 710 1842 rupes,
740 1787 912 1841 quando
937 1800 1061 1825 omne
1084 1790 1305 1838 peractum
1327 1787 1393 1827 est

159 1860 202 1896 et
223 1856 305 1896 iam
323 1855 479 1895 defecit
496 1859 691 1895 nostrum
716 1867 844 1901 marc,
873 1853 973 1892 duni
999 1852 1100 1904 gula
1121 1851 1268 1898 saevit,

159 1921 322 1962 retibus
341 1920 532 1961 adsiduis
552 1920 724 1973 penitus
747 1921 966 1959 scrutante
990 1916 1167 1956 macello

159 1986 366 2039 proxima,
391 1999 468 2026 nec
490 1985 679 2038 patimur
704 1984 977 2036 Tyrrhenum
1002 1994 1188 2021 crescere
1209 1981 1382 2033 piscem.

160 2052 338 2092 instruit
359 2065 458 2104 ergo
480 2052 626 2090 focum
658 2049 892 2102 provincia,
920 2048 1108 2087 sumitur
1129 2047 1248 2087 illinc

161 2117 276 2170 quod
297 2120 492 2169 captator
513 2119 626 2155 emat
649 2115 826 2161 Laenas,
854 2113 1030 2153 Aurelia
1053 2112 1225 2152 vendat.

160 2182 334 2222 Virroni
357 2194 560 2221 muraena
582 2181 724 2227 datur,
755 2192 862 2232 quae
886 2178 1070 2218 maxima
1093 2177 1212 2218 venit

161 2247 332 2300 gurgite
353 2247 405 2286 de
428 2246 597 2295 Siculo;
627 2259 725 2285 nam
749 2245 851 2283 dum
874 2257 915 2283 se
938 2243 1134 2283 continet
1155 2246 1314 2292 auster,

162 2312 265 2352 dum
287 2312 406 2352 sedet
428 2315 470 2351 et
493 2311 624 2351 siccat
647 2310 840 2350 madidas
864 2309 908 2348 in
931 2321 1097 2348 carcere
1120 2308 1288 2361 pinnas,

163 2379 448 2417 contemnunt
470 2376 653 2415 mediam
675 2373 902 2414 temeraria
921 2373 1010 2413 lina
1033 2372 1291 2426 Charybdim
1315 2386 1325 2414 τ

164 2454 236 2482 vos
256 2441 447 2494 anguilla
467 2443 612 2480 manet
633 2440 784 2491 longae
808 2442 989 2491 cognata
1010 2438 1226 2486 colubrae,

1567 119 1618 160 27

1571 284 1620 324 70

1572 610 1623 650 75

1572 937 1623 976 80

1573 1263 1624 1302 85

1574 1593 1626 1632 90

1574 1918 1626 1958 95

1546 2244 1626 2284 100
