1778 2693
238 177 289 228 38
726 184 767 213 D.
802 184 930 213 IVNII
961 184 1214 213 IVVENALIS

234 285 434 325 uberibus
456 297 620 338 semper
640 283 827 324 lacrimis
849 296 1098 337 semperque
1121 283 1281 337 paratis

234 351 276 389 in
299 350 482 390 statione
505 363 579 389 sua
600 352 728 401 atque
751 349 1077 401 expectantibus
1100 349 1229 397 illam,

233 429 316 468 quo
338 415 483 454 iubeat
505 427 676 454 manare
698 414 824 453 modo
845 427 853 452 :
886 417 934 452 tu
958 414 1094 453 credis
1116 427 1316 462 amorem,
1615 415 1694 456 2⁵75

233 484 280 520 tu
303 481 381 520 tibi
403 483 522 527 tunc,
548 494 693 528 uruca,
718 480 859 532 places
882 479 1115 532 fletumque
1139 479 1302 519 labellis

233 546 419 593 exorbes,
445 559 551 598 quac
574 546 731 597 scripta
753 548 795 584 et
817 547 921 598 quot
941 545 1105 585 lecture
1128 545 1320 593 tabellas,

232 611 265 650 si
288 611 365 650 tibi
388 611 603 663 zelotypae
629 614 880 663 retegantur
901 611 1056 650 scrinia
1077 611 1290 650 moechae.

232 676 305 715 sed
326 676 433 715 iacet
455 676 499 715 in
521 676 628 716 servi
651 677 941 728 complexibus
963 679 1037 715 aut
1059 676 1228 728 equitis.
1289 675 1373 724 dic,

233 741 299 780 dic
322 742 506 794 aliquem
529 742 649 781 sodes
671 741 755 789 hic,
782 741 1061 790 Quintiliane,
1088 741 1284 781 colorem.
1614 741 1693 779 280

231 805 465 845 haeremus.
527 806 594 846 dic
616 806 718 859 ipsa.
784 807 910 846 ‘olim
933 808 1190 846 convenerat
1204 805 1215 822 ’
1236 805 1380 858 inquit

235 874 309 910 ‘ut
330 871 490 910 faceres
512 874 561 910 tu
583 871 697 924 quod
718 871 860 919 velles,
886 884 963 910 nec
985 884 1072 911 non
1094 866 1170 923 ego
1191 883 1359 923 possem

231 936 455 988 indulgere
477 936 594 975 mihi.
658 937 812 976 clames
833 936 934 975 licet
957 939 999 975 et
1020 949 1134 975 mare
1157 936 1272 975 caelo

231 1001 484 1049 confundas,
509 1001 635 1041 homo
658 1001 778 1040 sum.'
834 1001 942 1040 nihil
964 1004 1027 1040 est
1048 1000 1252 1040 audacius
1273 999 1356 1040 illis

231 1066 463 1118 deprensis,
488 1066 594 1105 iram
615 1069 743 1118 atque
765 1066 928 1105 animos
949 1079 972 1105 a
993 1065 1171 1105 crimine
1201 1067 1392 1105 sumunt.
1612 1067 1690 1106 285

285 1131 398 1170 unde
419 1131 523 1171 haec
545 1134 736 1170 monstra
757 1135 901 1170 tamen
923 1131 988 1170 vel
1011 1143 1094 1182 quo
1117 1131 1167 1170 de
1189 1130 1325 1177 fonte,
1349 1129 1530 1182 requiris
1548 1129 1567 1170 Ρ

230 1196 473 1248 praestabat
494 1199 629 1236 castas
650 1195 824 1235 humilis
845 1196 1022 1235 fortuna
1043 1195 1218 1234 Latinas

231 1261 459 1313 quondam,
483 1274 561 1300 nec
583 1260 698 1300 vitiis
719 1260 912 1312 contingi
934 1273 1063 1312 parva
1084 1260 1280 1299 sinebant

230 1328 358 1373 tecta,
382 1325 502 1365 labor
523 1325 743 1378 somnique
765 1325 911 1365 breves
933 1328 974 1364 et
996 1325 1149 1365 vellere
1172 1325 1310 1364 Tusco

229 1393 404 1429 vexatae
427 1390 641 1442 duraeque
664 1403 813 1429 manus
835 1403 882 1429 ac
904 1389 1122 1442 proximus
1144 1389 1239 1428 urbi
1609 1391 1688 1430 290

231 1454 448 1494 Hannibal
470 1458 512 1493 et
534 1458 696 1494 stantes
720 1454 888 1494 Collina
908 1458 1026 1493 turre
1048 1454 1204 1493 mariti.

229 1532 344 1559 nunc
365 1520 554 1571 patimur
573 1520 725 1571 longae
746 1520 861 1572 pacis
882 1520 1007 1567 mala,
1032 1519 1194 1559 saevior
1215 1518 1344 1559 armis

229 1584 398 1623 luxuria
418 1584 617 1623 incubuit
639 1584 887 1641 victumque
910 1584 1134 1624 ulciscitur
1155 1584 1311 1623 orbem.

229 1649 399 1687 nullum
422 1649 582 1688 crimen
604 1649 722 1688 abest
743 1649 997 1701 facinusque
1017 1649 1224 1696 libidinis,
1249 1662 1298 1688 ex
1319 1662 1403 1701 quo

228 1716 457 1766 paupertas
479 1714 669 1753 Romana
689 1714 811 1766 perit.
874 1713 975 1753 hinc
998 1714 1121 1752 fluxit
1144 1714 1196 1753 ad
1218 1713 1321 1753 istos
1606 1715 1684 1753 295

229 1781 272 1817 et
294 1778 458 1830 Sybaris
479 1778 608 1826 collis,
633 1778 734 1817 hinc
754 1782 796 1818 et
817 1778 985 1818 Rhodos
1005 1781 1048 1817 et
1070 1778 1236 1818 Miletos
1774 1799 1778 1819 ι

228 1846 353 1895 atque
375 1846 619 1882 coronatum
641 1846 683 1882 et
702 1843 896 1895 petulans
916 1843 1219 1894 madidumque
1240 1842 1486 1882 Tarentum.
1773 1858 1778 1884 ι

229 1907 365 1960 prima
383 1908 625 1960 peregrinos
644 1908 844 1947 obscaena
863 1907 1043 1960 pecunia
1062 1920 1197 1947 mores

228 1973 391 2020 intulit,
415 1975 456 2012 et
477 1973 592 2025 turpi
612 1973 832 2024 fregerunt
852 1973 1013 2012 saecula
1032 1972 1136 2011 luxu

228 2037 400 2077 divitiae
420 2037 577 2077 molles.
639 2038 740 2090 quid
762 2038 875 2077 enim
895 2050 1026 2077 venus
1046 2036 1158 2076 ebria
1178 2038 1318 2076 curat?
1604 2039 1683 2077 300

229 2102 415 2154 inguinis
435 2106 476 2142 et
497 2102 645 2154 capitis
666 2115 770 2154 quae
791 2102 877 2142 sint
897 2101 1154 2149 discrimina,
1178 2101 1309 2141 nescit

228 2167 402 2218 grandia
423 2180 526 2218 quae
548 2167 694 2207 mediis
715 2167 797 2206 iam
818 2167 1010 2206 noctibus
1029 2168 1163 2206 ostrea
1183 2166 1360 2214 mordet,

228 2244 323 2270 cum
345 2232 514 2283 perfusa
534 2245 648 2271 mero
669 2234 867 2284 spumant
888 2234 1106 2283 unguenta
1125 2231 1318 2277 Falerno,

227 2309 322 2335 curn
343 2296 504 2335 bibitur
524 2297 694 2344 concha,
718 2310 813 2336 cum
835 2296 918 2336 iam
940 2295 1143 2347 vertigiue
1164 2298 1323 2335 tectum

227 2361 415 2399 ambulat
434 2364 476 2400 et
495 2361 673 2412 geminis
692 2361 878 2413 exsurgit
899 2374 1040 2400 mensa
1059 2359 1254 2400 lucernis.
1603 2362 1680 2400 305

228 2425 240 2464 i
263 2438 375 2464 nunc
395 2428 436 2464 et
457 2425 618 2473 dubita,
643 2439 726 2478 qua
745 2426 908 2466 sorbeat
927 2438 1021 2465 aera
1041 2438 1170 2464 sanna

229 2489 382 2538 Tullia,
407 2489 508 2542 quid
530 2483 642 2530 dicat
663 2493 784 2531 notae
804 2490 1003 2531 collactea
1023 2489 1192 2530 Maurae
