1778 2693
164 175 220 217 74
653 174 693 202 D.
729 173 855 202 IVNII
886 173 1138 203 IVVENALIS

162 278 209 314 ut
229 275 351 315 rebus
371 273 489 314 laetis
509 287 584 326 par
604 272 659 313 sit
678 287 874 313 mensura
898 274 1101 313 malorum
1119 276 1137 312 ?

161 340 286 380 huius
308 339 379 391 qui
402 339 586 378 trahitur
605 342 865 390 praetextam
886 352 1048 378 sumere
1070 340 1213 388 mavis,

160 419 213 445 an
236 405 490 444 Fidenarum
514 404 825 455 Gabiorumque
847 417 930 443 esse
951 408 1133 457 potestas

160 474 202 510 et
223 472 273 510 de
294 483 488 509 mensura
508 469 573 507 ius
593 469 743 517 dicere,
770 483 863 509 vasa
884 470 1047 509 minora

161 537 354 587 frangere
375 547 586 586 pannosus
607 534 747 574 vacuis
766 535 913 575 aedilis
933 525 1138 575 Vlub'ris?

160 615 257 652 crgo
279 601 380 652 quid
401 601 635 652 optandum
657 601 780 649 foret,
806 601 1015 651 ignorasse
1036 600 1180 641 fateris

162 667 378 715 Scianum3
411 679 509 705 nam
531 665 602 717 qui
623 666 774 706 nimios
796 666 967 718 optabat
987 666 1164 705 honores

160 736 201 770 et
224 732 372 771 nimias
391 731 586 783 poscebat
607 745 717 783 opes,
742 744 962 770 numerosa
982 731 1155 783 parabat

160 797 340 836 excelsae
361 797 490 836 turris
513 796 711 844 tabulata,
736 797 848 835 unde
870 796 993 836 altior
1013 799 1118 836 esset

161 875 276 901 casus
297 864 338 901 61
358 862 548 913 inpulsae
568 874 764 913 praeceps
785 861 955 900 inmane
977 860 1135 900 ruinae.

159 927 261 978 quid
285 926 463 974 Crassos,
489 926 590 978 quid
613 926 832 978 Pompeios
853 926 1004 966 evertit
1023 928 1065 965 et
1085 926 1221 974 illum,

159 992 210 1031 ad
232 1005 305 1032 sua
326 992 398 1044 qui
419 992 599 1032 domitos
619 991 796 1031 deduxit
816 992 944 1043 flagra
966 991 1180 1039 Quirites?

159 1070 347 1096 summus
369 1070 519 1109 nempe
539 1057 654 1096 locus
674 1056 792 1095 nulla
812 1069 898 1096 non
919 1059 1006 1095 arte
1026 1055 1186 1107 petitus

158 1135 393 1174 magnaque
413 1122 659 1161 numinibus
681 1127 775 1161 vota
794 1121 991 1161 exaudita
1011 1120 1221 1172 malignis.

158 1187 210 1226 ad
230 1200 433 1239 generum
455 1187 617 1226 Cereris
637 1186 725 1226 sine
746 1187 869 1226 caede
888 1199 935 1226 ac
955 1186 1127 1225 vulnere
1147 1185 1271 1237 pauci

158 1252 419 1292 descendunt
439 1265 555 1303 reges
576 1254 618 1291 et
637 1251 745 1291 61006
765 1254 899 1291 1110116
921 1251 1105 1303 tyranni.

211 1317 424 1368 eloquium
446 1320 520 1356 aut
539 1317 696 1356 famam
719 1316 1016 1356 Demosthenis
1035 1319 1110 1355 aut
1131 1315 1344 1355 Ciceronis
1371 1324 1378 1329 ·

157 1382 308 1434 incipit
328 1384 471 1434 optare
492 1385 533 1421 et
554 1381 652 1421 totis
674 1381 998 1433 quinquatribus
1018 1383 1136 1433 optat

158 1447 346 1498 quisquis
366 1447 504 1486 adhuc
525 1460 609 1486 uno
630 1459 797 1498 parcam
819 1446 919 1485 colit
939 1459 1026 1485 asse
1048 1445 1296 1493 Minervam,

158 1525 282 1563 quem
303 1512 493 1564 sequitur
513 1514 651 1551 0116106
671 1514 872 1562 angustae
892 1511 1065 1551 vernula
1085 1524 1244 1563 capsae.

156 1577 320 1628 eloquio
341 1577 411 1616 sed
432 1580 608 1628 ute'rque
628 1576 738 1628 perit
757 1579 909 1624 orator,
933 1579 1162 1628 utrumque

156 1642 296 1693 largus
315 1645 358 1681 61
377 1642 594 1681 exundans
614 1641 697 1680 1610
719 1641 836 1680 dedit
856 1640 1016 1692 ingenii
1036 1641 1145 1680 fons.

156 1706 327 1757 ingenio
348 1719 497 1745 manus
536 1708 597 1745 est
617 1708 659 1745 61
679 1707 819 1745 cervix
839 1719 968 1753 caesa,
993 1719 1069 1745 nec
1089 1719 1291 1756 umquam

155 1771 359 1822 sanguine
380 1770 578 1810 causidici
599 1771 858 1809 maduerunt
878 1773 1011 1810 rostra
1031 1770 1187 1822 pusilli.

158 1836 168 1853 ‘
183 1849 206 1875 o
228 1836 487 1875 fortunatam
511 1838 653 1874 natam
675 1848 740 1874 me
760 1835 928 1874 consule
950 1835 1127 1874 Romam
1145 1835 1175 1873 ’:

155 1901 317 1940 Antoni
338 1900 498 1952 gladios
518 1899 658 1952 potuit
678 1902 961 1946 contemnere,
985 1899 1018 1938 si
1040 1899 1096 1938 sic

155 1966 296 2005 omnia
315 1966 500 2004 dixisset.
562 1964 737 2004 ridenda
757 1967 950 2016 poemata
970 1964 1078 2003 malo

155 2044 280 2082 quam
302 2034 357 2077 16,
381 2030 627 2082 conspicuae
648 2029 791 2068 divina
812 2029 1049 2081 Philippica
1068 2029 1218 2077 famae,

154 2095 329 2135 volveris
349 2109 372 2134 a
392 2095 528 2147 prima
548 2108 652 2146 quae
673 2094 876 2146 proxima.
937 2107 1080 2133 saevus
1100 2097 1142 2133 61
1162 2094 1283 2133 illum

153 2160 290 2199 exitus
311 2160 482 2211 eripuit,
507 2173 631 2211 quem
652 2159 915 2198 mirabantur
935 2158 1128 2198 Athenae

154 2227 384 2264 torrentem
405 2228 447 2264 et
467 2225 581 2276 pleni
603 2225 892 2264 moderantem
913 2224 1032 2263 frena
1054 2223 1223 2263 theatri.

153 2290 217 2328 dis
236 2289 306 2329 ille
326 2290 508 2329 adversis
527 2289 695 2340 genitus
714 2289 886 2341 fatoque
907 2289 1090 2337 sinistro,

154 2368 278 2406 quem
298 2358 418 2406 pater
437 2355 623 2393 ardentis
644 2367 798 2393 massae
819 2353 1001 2406 fuligine
1020 2353 1162 2405 lippus

152 2432 176 2459 a
195 2419 372 2459 carbone
392 2422 434 2458 et
454 2419 685 2470 forcipibus
704 2418 947 2471 gladiosque
966 2417 1133 2470 paranti

152 2484 305 2524 incude
325 2487 368 2523 61
387 2484 502 2524 111160
522 2483 714 2524 Vulcano
735 2484 787 2523 ad
808 2483 977 2523 rhetora
996 2482 1124 2521 misit.

1542 408 1618 446 100

1520 778 1522 780 v
1542 733 1617 771 105

1541 1058 1617 1096 110

1541 1384 1615 1422 115

1539 1708 1615 1746 120

1537 2032 1613 2070 125

1535 2356 1611 2394 130
