1778 2693
154 153 209 196 34
649 150 690 180 D.
726 150 853 179 IVNII
885 150 1062 179 IVVENA
1069 151 1136 180 LIS

154 253 436 306 hippomanes
457 263 714 303 carmenque
735 250 883 303 loquar
905 254 1161 303 coctumque
1181 263 1394 292 venenum

154 318 437 370 privignoque
462 316 609 355 datum
630 315 648 354 Ρ
704 315 870 354 faciunt
893 315 1087 367 graviora
1107 319 1276 356 coactae

153 384 333 436 irnperio
356 395 479 422 sexus
500 380 810 432 minimumque
834 381 1012 420 libidine
1033 386 1225 434 peccant.

211 453 222 469 ‘
237 448 398 500 optima
422 446 494 486 sed
519 456 648 496 quare
672 444 908 484 Censennia
931 452 1040 485 teste
1061 446 1214 486 marito
1236 445 1278 485 ?'‘

154 513 218 552 bis
239 513 455 565 quingena
478 509 609 549 dedit.
674 510 786 548 tanti
810 518 931 550 vocat
954 511 1025 550 ille
1045 511 1260 563 pudicam,

156 592 232 617 nec
253 577 464 629 pharetris
489 575 666 614 Veneris
693 587 834 614 macer
855 584 915 615 est
938 581 1013 615 aut
1033 575 1227 628 lampade
1246 576 1399 616 fervet.

156 643 254 682 iude
275 643 388 681 faces
410 641 576 687 ardent,
603 640 783 679 veniunt
806 653 829 680 a
851 641 950 680 dote
971 640 1163 692 sagittae.

156 708 328 746 libertas
350 706 519 745 emitur.
584 718 726 744 coram
746 705 849 744 licet
870 705 1023 744 innuat
1043 708 1171 757 atque

158 772 357 811 rescribat
378 785 387 818 ς
418 770 547 809 vidua
569 774 647 817 est,
674 770 865 822 locuples
886 783 992 822 quac
1011 769 1159 821 nupsit
1179 781 1318 809 avaro.

213 841 223 856 ·'
241 849 317 876 cur
338 835 547 874 desiderio
573 835 752 874 Bibulae
775 834 987 874 Sertorius
1007 834 1127 874 ardet
1149 833 1192 873 ?’

158 902 190 941 si
212 914 357 940 verum
380 900 585 946 excutias,
611 899 756 946 facies,
782 912 868 938 non
890 912 997 938 uxor
1017 902 1198 939 amatur.

159 977 243 1005 tres
265 978 393 1018 rugae
417 965 597 1004 subeant
619 968 661 1003 et
683 977 726 1003 se
747 964 859 1004 cutis
880 964 998 1003 arida
1017 963 1147 1012 laxet,

158 1032 260 1070 fiant
279 1030 446 1070 obscuri
471 1030 621 1068 dentes
643 1029 841 1081 oculique
862 1029 1047 1068 minores
1066 1042 1076 1068 :

162 1100 172 1116 ⁴
187 1095 339 1147 collige
362 1094 594 1134 sarcinula-s
610 1094 623 1109 '
645 1093 759 1132 dicet
780 1093 960 1132 libertus
985 1097 996 1113 ‘
1011 1096 1053 1132 et
1075 1092 1155 1132 exi.

158 1161 240 1200 iam
263 1159 401 1212 gravis
423 1173 465 1198 es
488 1158 610 1198 nobis
632 1162 674 1197 et
697 1171 820 1210 saepe
841 1157 1098 1210 emungeris.
1158 1157 1227 1197 exi

159 1226 276 1265 ocius
297 1232 337 1264 et
360 1223 570 1276 propera*
629 1223 741 1262 sicco
762 1223 879 1262 venit
901 1223 1034 1262 altera
1053 1235 1166 1262 naso.

159 1291 321 1329 interea
341 1289 449 1329 calet
472 1293 514 1327 et
535 1292 687 1340 regnat
707 1287 930 1340 poscitque
951 1287 1154 1326 maritum

158 1362 347 1406 pastores
368 1360 409 1392 et
430 1365 553 1394 ovem
577 1352 836 1391 Canusinam
859 1352 1081 1403 ulmosque
1102 1351 1363 1391 Falernas—‹

159 1418 417 1470 quantulum
439 1417 484 1456 in
505 1417 585 1456 hoc
606 1416 833 1468 ?—pueros
855 1429 1015 1462 omnes,
1041 1415 1256 1467 ergastula
1275 1418 1383 1461 tota,

159 1483 358 1535 quodque
379 1482 493 1521 domi
515 1495 602 1521 11011
623 1484 701 1527 est,
727 1481 800 1520 sed
821 1480 949 1520 habet
970 1480 1150 1527 vicinus,
1175 1482 1353 1519 ematur.

159 1560 301 1586 mense
323 1547 497 1599 quidem
517 1546 707 1593 brumae,
732 1558 816 1598 quo
838 1545 921 1584 iam
938 1548 1148 1584 mercator
1169 1544 1262 1584 Iaso

159 1613 341 1659 clausus,
365 1619 406 1651 et
428 1611 602 1650 armatis
625 1615 766 1663 opstat
791 1624 886 1649 casa
907 1609 1089 1649 candida
1107 1609 1267 1657 nautis,

158 1677 336 1729 grandia
357 1676 573 1715 tolluntur
594 1675 853 1727 crystallina.
879 1675 1062 1713 maxima
1081 1687 1228 1713 rursus

159 1741 392 1794 myrrhina,
417 1740 571 1779 deindo
593 1740 795 1779 adamans
818 1739 1066 1778 notissimus
1087 1743 1129 1778 et
1149 1737 1375 1778 Berenices

158 1808 201 1846 in
225 1806 361 1859 digito
383 1806 525 1845 factus
545 1805 784 1857 pretiosior.
848 1804 961 1842 hunc
983 1803 1103 1842 dedit
1124 1803 1227 1843 olim

160 1871 362 1910 barbarus
384 1870 584 1916 incestae,
610 1869 731 1908 dedit
753 1869 867 1908 hunc
889 1868 1081 1920 Agrippa
1101 1867 1249 1915 sorori,

160 1937 384 1975 observant
405 1935 476 1973 ubi
497 1934 609 1973 festa
630 1947 746 1972 mero
767 1933 873 1985 pede
896 1933 1071 1972 sabbata
1090 1945 1209 1984 reges

160 2009 200 2039 et
224 2009 345 2039 vetus
367 1999 565 2050 indulget
587 1999 758 2038 senibus
783 1998 1011 2037 clementia
1031 1997 1180 2050 porcis.

217 2064 415 2103 ‘nullane
437 2064 488 2103 de
511 2063 645 2103 tantis
668 2063 871 2115 gregibus
893 2062 970 2101 tibi
993 2063 1124 2114 digna
1143 2061 1315 2100 videtur
1330 2059 1378 2101 ?'

160 2130 214 2168 sit
237 2130 421 2168 formosa
442 2129 596 2167 decens
619 2128 736 2167 dives
757 2127 956 2174 fecunda,
981 2130 1173 2166 vetustos

161 2193 396 2245 porticibus
418 2193 617 2244 disponat.
639 2206 750 2238 avos,
775 2192 977 2231 intactior
998 2191 1112 2230 omni

161 2258 348 2297 crinibus
370 2258 514 2297 effusis
536 2258 695 2296 bellum
717 2257 945 2296 dirimente
966 2255 1135 2302 Sabina,

162 2335 253 2361 rara
273 2323 360 2361 avis
383 2323 424 2361 in
449 2323 572 2361 terris
595 2322 802 2373 nigroque
820 2321 1037 2360 simillima
1055 2332 1216 2372 cycno:

160 2386 254 2438 quis
276 2387 383 2425 feret
409 2400 582 2425 uxorem
604 2386 673 2425 cui
695 2389 895 2425 constant
918 2383 1095 2424 omnia?
1147 2383 1274 2431 malo,

161 2450 271 2490 malo
292 2450 556 2490 Venusinam
577 2463 705 2503 quam
726 2453 783 2497 te,
809 2449 1019 2495 Cornelia,
1042 2451 1179 2488 mater

1537 382 1614 420 135

1538 705 1617 743 140

1538 1029 1617 1068 145

1539 1351 1618 1390 150

1539 1675 1617 1713 155

1537 1997 1616 2036 160

1539 2319 1616 2358 165
