1778 2693
169 167 223 208 42
660 167 699 195 D.
735 167 862 197 IVNII
893 166 1147 196 IVVENALIS

168 268 417 320 conspicuus
436 268 559 319 longe
579 267 824 318 cunctisque
846 267 1041 306 notabilis
1062 267 1193 306 intrat

168 331 314 371 balnea
335 345 408 371 nec
430 332 555 371 dubie
576 332 788 371 custodem
813 332 909 371 vitis
929 335 972 371 et
992 331 1104 371 horti

169 402 363 447 provocat
384 411 407 435 a
427 397 597 436 domina
618 397 755 435 factus
776 397 917 448 spado.
977 397 1159 436 dormiat
1179 397 1248 437 ille

168 475 261 499 cuni
285 462 469 508 domina,
493 462 563 500 scd
587 466 634 500 tu
656 462 738 500 iam
760 462 929 509 durum,
958 462 1168 510 Postume,
1193 463 1358 515 iamque

170 527 429 565 tondendum
451 526 644 565 eunucho
667 526 883 566 Bromium
906 527 1170 566 committere
1192 527 1292 567 noli.

220 591 251 630 si
273 592 428 643 gaudet
449 596 591 638 cantu,
617 591 776 630 nullius
797 592 926 631 fibula
945 592 1071 631 durat

167 669 308 695 vocem
331 656 550 696 vendentis
569 656 843 708 praetoribus.
905 670 1060 708 organa
1079 670 1241 709 semper

166 719 207 758 in
231 720 436 768 manibus,
461 720 578 760 densi
601 721 765 760 radiant
788 721 998 761 testudine
1019 724 1108 761 tota

165 785 454 837 sardonyches,
479 785 614 838 crispo
634 790 915 825 numerantur
935 786 1100 839 pectine
1121 787 1314 827 chordae.

165 862 246 901 quo
268 853 384 889 tener
405 849 658 901 Hedymeles
679 863 822 902 operas
843 851 974 898 dedit,
998 851 1114 890 hunc
1134 853 1263 899 tenet,
1287 850 1366 891 hoc
1387 864 1428 892 se

164 913 335 962 solatur,
360 918 560 967 gratoque
582 915 776 966 indulget
795 915 907 955 basia
927 915 1100 968 plectro.

165 979 369 1030 quaedam
391 979 441 1019 de
463 992 639 1019 numero
662 980 904 1019 Lamiarum
925 990 972 1020 ac
991 980 1175 1020 nominis
1196 980 1310 1033 Appi

163 1046 205 1083 et
223 1044 334 1084 farre
355 1048 398 1084 et
418 1045 516 1084 vino
537 1045 688 1084 Ianum
710 1045 966 1097 Vestamque
988 1046 1173 1097 rogabat,

163 1121 216 1147 an
239 1108 520 1161 Capitolinam
541 1110 711 1149 deberet
732 1110 866 1150 Pollio
887 1124 1089 1162 quercum

163 1186 325 1225 sperare
345 1178 387 1213 et
406 1174 560 1214 fidibus
580 1175 837 1227 promittere.
900 1175 1001 1227 quid
1022 1176 1178 1216 faceret
1197 1176 1293 1229 plus

162 1241 404 1289 aegrotante
425 1238 527 1286 viro,
552 1239 727 1279 medicis
747 1239 850 1291 quid
871 1239 1063 1279 tristibus
1082 1254 1179 1292 erga

164 1302 340 1342 filiolum
355 1304 374 1342 Ῥ
430 1304 548 1343 stetit
567 1308 665 1343 ante
685 1317 798 1343 aram
821 1317 896 1344 nec
918 1307 1041 1357 turpe
1062 1305 1230 1357 putavit

162 1380 238 1418 pro
258 1367 419 1408 cithara
440 1369 575 1408 velare
595 1372 722 1421 caput
743 1369 984 1421 dictataque
1005 1370 1131 1410 verba

162 1433 352 1484 pertulit,
376 1437 425 1472 ut
445 1447 533 1473 mos
553 1437 627 1481 est,
652 1437 694 1473 et
713 1437 857 1486 aperta
877 1435 1032 1486 palluit
1053 1448 1173 1486 agna.

162 1497 231 1537 dic
251 1497 357 1537 mihi
378 1511 493 1538 nunc
514 1512 679 1550 quaeso,
704 1499 785 1547 dic,
810 1499 1103 1551 antiquissime
1124 1500 1285 1549 divum,

163 1563 387 1615 respondes
408 1563 487 1611 his,
511 1563 612 1603 Iane
632 1565 782 1616 pater?
839 1578 992 1616 magna
1017 1565 1103 1604 otia
1122 1565 1245 1614 caeli3

163 1640 248 1667 non
268 1631 343 1675 est,
369 1629 479 1680 quod
501 1628 635 1676 video,
660 1642 744 1668 non
766 1632 827 1669 est
849 1630 961 1681 quod
981 1633 1130 1681 agatur
1151 1633 1255 1683 aput
1273 1643 1360 1670 vos.

162 1691 263 1732 haec
284 1693 334 1732 de
355 1693 562 1732 comoedis
582 1696 623 1733 te
644 1693 840 1742 consulit,
865 1694 938 1734 illa
958 1695 1206 1746 tragoedum

162 1758 454 1797 commendare
475 1758 599 1806 volet,
624 1758 833 1798 varicosus
852 1759 925 1798 fiet
944 1759 1166 1812 haruspex.

216 1822 285 1861 sed
307 1825 447 1861 cantet
467 1822 608 1874 potius
629 1836 754 1874 quam
776 1826 908 1862 totam
929 1824 1114 1875 pervolet
1135 1824 1295 1872 urbem,

161 1887 297 1926 audax
318 1889 361 1926 ct
381 1891 522 1926 coetus
541 1887 672 1939 possit
693 1900 798 1938 quae
818 1887 928 1927 ferre
949 1887 1134 1928 virorum

161 1965 341 2003 cumque
361 1952 572 2004 paludatis
592 1952 769 1992 ducibus
788 1954 1004 2004 praesente
1025 1953 1177 1993 marito

162 2016 250 2068 ipsa
269 2016 385 2068 loqui
406 2020 519 2057 recta
538 2017 644 2057 facie
665 2016 866 2068 siccisque
885 2017 1098 2057 mamillis.

161 2080 261 2120 haec
281 2081 422 2121 eadem
446 2082 564 2121 novit
585 2081 687 2133 quid
709 2084 798 2122 toto
819 2083 892 2122 fiat
912 2082 957 2122 in
977 2083 1088 2131 orbe,

161 2146 262 2197 quid
285 2145 414 2194 Seres,
439 2146 541 2199 quid
563 2146 744 2187 Thraces
763 2150 905 2199 agant,
930 2150 1086 2187 secreta
1105 2161 1305 2188 novercae

160 2214 202 2249 et
221 2211 355 2262 pueri,
381 2211 474 2263 quis
494 2214 620 2259 amet,
646 2212 739 2263 quis
758 2212 985 2264 diripiatur
1005 2212 1188 2260 adulter;

160 2275 273 2314 dicet
295 2275 388 2326 quis
408 2275 578 2315 viduam
599 2279 871 2328 praegnatem
891 2276 1040 2316 fecerit
1059 2279 1102 2316 et
1122 2290 1202 2330 quo

161 2353 314 2388 mense,
339 2340 491 2391 quibus
511 2341 646 2380 verbis
666 2341 918 2381 concumbat
938 2355 1139 2394 quaeque,
1164 2342 1298 2382 modis
1319 2345 1435 2394 quot.

160 2405 387 2444 instantem
409 2405 495 2457 regi
516 2406 717 2446 Armenio
739 2406 978 2458 Parthoque
998 2409 1202 2446 cometem

159 2469 296 2521 prima
315 2469 443 2517 videt,
467 2470 631 2509 famam·
647 2483 916 2522 rumoresque
935 2470 1009 2510 illa
1028 2471 1206 2511 recentis

1547 337 1625 376 375

1548 661 1626 701 380

1546 984 1624 1023 385

1545 1308 1624 1347 390

1541 1632 1622 1670 395

1541 1958 1620 1996 400

1539 2281 1617 2319 405
