1778 2693
735 164 913 193 SATVRA
946 164 994 192 VI

126 266 282 319 excipit
302 266 353 306 ad
375 268 533 318 portas,
555 265 757 318 quosdam
778 265 900 314 facit3
933 265 1010 304 isse
1032 264 1264 317 Niphatem

126 332 169 371 in
191 331 367 384 populos
388 344 622 383 magnoque
646 331 731 369 illic
752 334 907 370 cuncta
927 343 1025 370 arva
1046 330 1179 369 teneri

126 397 300 444 diluvio,
327 399 474 436 nutare
497 396 632 443 urbes,
657 396 870 435 subsidere
895 399 1023 435 terras

126 475 389 515 quocumque
411 461 453 500 in
475 461 600 500 trivio
621 461 873 512 cuicumque
894 464 956 500 est
976 461 1111 508 obvia,
1136 464 1291 501 narrat.

179 540 254 567 nec
277 532 416 566 tamen
439 527 481 565 id
507 525 656 565 vitium
681 526 812 577 magis
835 526 1100 566 intolerabile
1121 540 1247 579 quam
1272 539 1378 578 quae

125 592 284 633 vicinos
305 592 489 631 humiles
514 605 656 644 rapere
680 595 722 631 et
743 591 960 631 concidere
981 591 1081 632 loris

125 661 292 698 exorata
313 658 431 697 solet.
491 671 590 696 nam
612 657 645 696 si
667 657 890 697 latratibus
910 657 985 697 alti

126 727 386 776 rumpuntur
405 723 556 770 somni,
584 723 743 762 ‘fustes
765 722 848 762 huc
870 722 985 762 ocius
1001 723 1011 741 ’
1035 722 1177 775 inquit

129 789 138 806 ‘
153 789 316 828 adferte
332 789 343 805 '
366 792 492 840 atque
514 788 598 827 illis
618 787 840 828 dominum
863 788 980 827 iubet
1001 791 1098 827 ante
1120 788 1253 836 feriri,

125 854 278 894 deinde
299 867 460 893 canem.
519 853 658 905 gravis
679 866 869 900 occursu,
895 853 1135 893 taeterrima
1156 853 1278 893 vultu

125 919 273 960 balnea
293 922 415 959 nocte
436 919 563 966 subit,
587 918 768 958 conchas
788 922 829 958 et
849 921 984 958 castra
1004 918 1162 959 moveri

127 989 248 1025 nocte
268 984 398 1032 iubet,
422 997 576 1036 magno
595 984 753 1035 gaudet
774 984 922 1024 sudare
946 984 1151 1032 tumultu,

125 1064 223 1091 cum
243 1050 393 1090 lassata
412 1049 530 1102 gravi
551 1049 798 1090 ceciderunt
818 1049 1013 1090 bracchia
1034 1063 1182 1098 massa,

126 1114 303 1156 callidus
323 1118 366 1154 et
387 1114 535 1155 cristae
556 1114 712 1167 digitos
733 1114 932 1167 inpressit
952 1114 1103 1167 aliptes

125 1194 173 1220 ac
193 1193 406 1220 summum
428 1180 623 1220 dominae
643 1180 785 1220 femur
805 1180 1039 1220 exclamare
1061 1179 1211 1232 coegit.

125 1245 323 1286 convivae
343 1244 484 1285 miseri
507 1245 669 1285 interea
689 1258 920 1297 somnoque
940 1245 1135 1298 fameque

127 1313 377 1363 urguentur.
440 1310 611 1350 tandem
633 1310 706 1350 illa
725 1310 843 1350 venit
862 1310 1162 1358 rubicundula,
1188 1313 1329 1350 totum

126 1375 414 1428 oenophorum
435 1375 594 1423 sitiens,
618 1375 744 1427 plena
765 1375 876 1428 quod
898 1375 1091 1415 tenditur
1111 1388 1219 1415 urna

125 1441 345 1480 admotum
366 1441 557 1494 pedibus,
582 1441 632 1480 de
655 1453 737 1492 quo
759 1441 964 1480 sextarius
984 1441 1093 1480 alter

126 1506 299 1546 ducitur
319 1509 417 1546 ante
438 1505 580 1545 cibum
603 1505 789 1545 rabidam
814 1506 1007 1545 facturus
1028 1505 1202 1553 orexim,

126 1571 229 1611 dum
250 1571 359 1611 redit
379 1573 421 1611 et
441 1571 527 1610 loto
548 1574 703 1610 terram
724 1570 825 1610 ferit
847 1569 1061 1610 intestino.

127 1636 403 1676 marmoribus
425 1635 502 1675 rivi
526 1638 768 1688 properant,
791 1638 939 1675 aurata
959 1635 1188 1675 Falernum

126 1701 258 1754 pelvis
277 1701 380 1751 olet;
412 1714 510 1741 nam
532 1701 590 1740 sic
611 1705 826 1753 tamquam
850 1700 934 1740 alta
955 1700 999 1740 in
1020 1700 1133 1741 dolia
1152 1701 1305 1753 longus

126 1766 328 1807 deciderit
349 1779 530 1819 serpens,
557 1766 662 1806 bibit
683 1769 725 1806 et
746 1765 891 1806 vomit.
953 1779 1051 1818 ergo
1073 1766 1250 1805 maritus

126 1835 299 1872 nauseat
318 1835 444 1884 atque
465 1831 598 1872 oculis
619 1831 745 1871 bilem
769 1830 1023 1883 substringit
1044 1831 1213 1883 opertis.

179 1897 252 1937 illa
273 1900 414 1937 tamen
435 1897 615 1949 gravior,
641 1909 748 1948 quae
769 1910 866 1936 cum
887 1896 1150 1936 discumbere
1170 1895 1322 1949 coepit,

126 1962 270 2002 laudat
292 1961 544 2014 Vergilium,
569 1961 781 2014 periturae
803 1961 983 2013 ignoscit
1005 1961 1178 2009 Elissae,

126 2026 358 2067 committit
379 2030 493 2067 vates
514 2030 556 2066 et
577 2029 806 2079 comparat,
832 2026 930 2066 iude
954 2026 1170 2066 Maronem

126 2095 252 2144 atque
272 2092 353 2132 alia
373 2095 491 2144 parte
512 2091 556 2131 in
578 2091 742 2131 trutina
764 2091 984 2144 suspendit
1006 2091 1258 2131 Homerum⁰

126 2157 284 2197 cedunt
304 2157 585 2209 grammatici,
610 2157 843 2197 vincuntur
865 2157 1066 2204 rhetores,
1091 2156 1228 2197 omnis

127 2222 251 2262 turba
272 2225 395 2270 tacet,
419 2235 496 2262 nec
515 2223 751 2262 causidicus
771 2235 847 2262 nec
867 2235 1016 2274 praeco
1036 2222 1247 2274 loquetur,

127 2287 257 2328 altera
276 2300 352 2327 nec
373 2287 539 2328 mulier.
602 2288 824 2328 verborum
847 2290 966 2327 tanta
987 2287 1100 2327 cadit
1122 2287 1196 2335 vis,

128 2354 192 2392 tot
211 2352 370 2405 pariter
391 2353 530 2405 pelves
550 2366 597 2393 ac
618 2353 909 2392 tintinnabula
929 2352 1043 2392 dicas

128 2417 299 2470 pulsari.
360 2417 443 2458 iam
464 2431 588 2458 nemo
610 2419 745 2465 tubas,
770 2431 895 2458 nemo
915 2431 1010 2458 aera
1030 2417 1202 2470 fatiget:

130 2495 214 2522 una
232 2482 439 2523 laboranti
461 2482 618 2534 poterit
638 2495 878 2523 succurrere
901 2483 961 2522 Lu
970 2496 1059 2523 nae.

1537 163 1590 204 43

1514 331 1592 368 410

1514 659 1591 696 415

1515 985 1592 1022 420

1516 1311 1593 1349 425

1516 1636 1594 1675 430

1515 1962 1593 2000 435

1516 2289 1594 2327 440
