1778 2693
720 98 895 128 SATVRA
928 98 1019 127 XIII

147 198 402 251 Archigene3
434 198 537 250 quid
558 198 671 239 enim
694 199 844 239 velocis
864 200 997 252 gloria
1020 199 1189 252 plantae

142 267 326 316 praestat
345 267 387 303 et
407 263 592 304 esuriens
614 264 779 305 Pisaeae
801 278 941 305 ramus
962 265 1092 306 olivae
1108 268 1126 305 ἶ)

146 332 191 368 ut
210 329 264 368 sit
284 342 436 381 magna
456 331 612 377 tamen,
636 333 747 369 certe
770 330 883 370 lenta
904 331 965 370 ira
985 331 1159 371 deorum
1180 335 1261 382 est3

141 394 174 434 si
195 399 345 434 curant
366 394 498 446 igitur
518 399 691 434 cunctos
713 395 864 448 punire
885 400 1097 445 nocentes,

143 460 310 512 quando
331 460 382 499 ad
404 472 470 499 me
492 460 694 500 venient?
751 462 822 501 sed
844 465 885 502 et
906 463 1114 503 exorabile
1136 477 1296 503 numen

145 526 315 566 tortasse
336 526 540 578 experiar,
565 526 668 566 solet
688 527 754 567 his
775 528 1001 580 ignoscere.
1063 528 1189 568 multi

141 591 417 631 committunt
438 592 582 631 eadem
603 592 766 633 diverso
787 593 965 633 crimina
984 594 1093 634 fato:

144 657 211 697 ille
231 670 396 697 crucem
419 657 586 697 sceleris
605 659 789 710 pretium
813 659 927 707 tulit,
953 659 1021 699 hic
1042 659 1268 700 diadema.'

139 722 198 763 sic
217 723 407 762 animum
429 723 542 763 dirae
562 724 778 776 trepidum
799 725 1029 765 formidine
1050 725 1199 778 culpae

141 789 375 836 confirmat,
400 791 503 828 tunc
524 795 564 828 te
585 803 699 830 sacra
719 790 769 830 ad
793 790 968 830 delubra
988 794 1208 831 vocantem

143 854 366 907 praecedit,
391 854 556 894 trahere
576 854 706 895 immo
726 855 839 895 ultro
859 869 906 895 ac
927 869 1075 896 vexare
1095 858 1278 909 paratus.

142 932 236 959 nam
258 933 354 959 cum
377 933 530 972 magna
550 920 682 960 malae
703 927 890 973 superest
910 921 1083 961 audacia
1103 934 1263 970 causae,

140 985 326 1025 creditur
345 998 369 1025 a
388 985 534 1025 multis
555 985 719 1025 fiducia.
782 986 959 1025 mimum
982 987 1071 1039 agit
1091 987 1175 1035 ille,

140 1050 288 1090 urbani
311 1051 479 1102 qualem
499 1051 709 1103 fugitivus
730 1065 873 1091 scurra
895 1052 1073 1092 Catulli:

141 1117 186 1155 tu
208 1115 334 1155 miser
353 1116 572 1163 exclamas,
597 1119 645 1156 ut
667 1116 864 1157 Stentora
885 1117 1051 1157 vincere
1071 1118 1216 1170 possis,

139 1181 203 1221 vel
224 1181 366 1233 potius
387 1184 595 1233 quantum
619 1182 827 1222 Gradivus
848 1182 1119 1223 Homericus:
1145 1183 1154 1200 ⁶
1170 1184 1304 1232 audis,

143 1246 347 1299 Iuppiter,
372 1247 486 1294 haec,
510 1260 587 1286 nec
608 1247 723 1286 labra
744 1261 898 1295 moves,
922 1261 1019 1287 cum
1041 1248 1209 1288 mittere
1231 1262 1372 1288 vocem

143 1311 332 1351 debueris
352 1312 415 1351 vel
437 1325 694 1351 marmoreus
715 1312 777 1352 vel
798 1326 951 1353 aeneus
965 1315 984 1352 ⁴?
1039 1317 1113 1353 aut
1133 1328 1209 1353 cur

140 1377 182 1416 in
204 1377 381 1417 carbone
403 1380 476 1416 tuo
497 1377 642 1417 charta
662 1378 733 1428 pia
753 1381 849 1418 tura
869 1378 1005 1418 soluta

140 1442 336 1495 ponimus
356 1444 397 1482 et
418 1446 577 1482 sectum
599 1443 722 1482 vituli
745 1443 860 1483 iecur
879 1444 1057 1496 albaque
1077 1445 1192 1496 porci

142 1508 341 1547 omenta?
398 1511 446 1547 ut
466 1507 600 1555 video,
624 1508 793 1547 nullum
815 1508 1043 1549 discrimen
1064 1510 1307 1550 habendum
1329 1514 1390 1550 est

137 1572 294 1625 effigies
315 1572 426 1612 inter
446 1577 601 1613 vestras
621 1576 889 1626 statuamque
910 1574 1110 1626 Vagelli.'

193 1638 332 1691 accipe
355 1651 459 1690 quae
480 1640 626 1678 contra
646 1639 781 1678 valeat
801 1639 952 1679 solacia
971 1641 1081 1681 ferre

139 1706 181 1743 et
202 1703 274 1755 qui
296 1716 372 1743 nec
393 1703 559 1755 cynicos
580 1717 656 1744 nec
677 1704 806 1744 stoica
826 1705 1025 1757 dogmata
1045 1706 1149 1758 legit

139 1782 162 1809 a
181 1769 338 1821 cynicis
358 1769 504 1809 tunica
523 1769 740 1817 distantia,
766 1783 850 1809 non
873 1771 1111 1823 Epicurum

139 1834 314 1887 suspicit
333 1834 476 1885 exigui
497 1834 654 1874 laetum
674 1835 941 1887 plantaribus
960 1836 1086 1876 horti.

139 1905 344 1939 curentur
365 1899 484 1939 dubii
505 1900 679 1940 medicis
700 1900 928 1941 maioribus
947 1902 1082 1954 aegri:

139 1968 187 2005 tu
209 1978 357 2005 venam
379 1965 443 2005 vel
464 1965 672 2018 discipulo
692 1966 911 2006 committe
934 1967 1136 2020 Philippi.

139 2031 173 2071 si
194 2031 361 2070 nullum
385 2030 429 2070 in
450 2031 571 2071 terris
591 2034 678 2071 tam
699 2032 945 2072 detestabile
966 2033 1128 2072 factum

140 2097 338 2144 ostendis,
364 2099 492 2144 taceo,
517 2110 595 2136 nec
614 2097 772 2149 pugnis
792 2098 963 2137 caedere
984 2102 1130 2150 pectus

142 2165 181 2201 tc
204 2164 296 2201 veto
317 2175 393 2201 nec
412 2162 538 2214 plana
559 2163 710 2202 faciem
732 2164 993 2203 contundere
1016 2164 1167 2215 palma,

141 2226 484 2279 quandoquidem
506 2230 675 2280 accepto
696 2228 930 2268 claudenda
953 2232 1015 2268 est
1037 2229 1162 2269 ianua
1182 2231 1351 2277 damno,

139 2295 182 2332 et
202 2293 355 2332 maiore
377 2293 526 2332 domus
547 2293 722 2345 gemitu,
748 2293 903 2334 maiore
925 2295 1115 2333 tumultu

141 2357 406 2409 planguntur
426 2358 591 2398 nummi
613 2372 739 2410 quam
761 2359 931 2408 funera3
964 2373 1087 2400 nemo
1108 2361 1294 2401 dolorem

140 2422 266 2475 fingit
285 2422 329 2461 in
350 2421 429 2462 hoc
449 2436 562 2472 casn,
586 2427 743 2464 vestem
764 2423 963 2465 diducere
983 2438 1191 2466 summam

1551 100 1602 145 95

1530 336 1605 372 100

1530 991 1606 1028 110
1666 991 1675 996 ”

1529 1645 1604 1682 120

1530 2299 1605 2335 130
