<?xml version="1.0" encoding="UTF-8"?>
<!DOCTYPE html PUBLIC "-//W3C//DTD XHTML 1.0 Transitional//EN"
    "http://www.w3.org/TR/xhtml1/DTD/xhtml1-transitional.dtd">
<html xmlns="http://www.w3.org/1999/xhtml" xml:lang="en" lang="en">
 <head>
  <title>
</title>
<meta http-equiv="Content-Type" content="text/html;charset=utf-8" />
  <meta name='ocr-system' content='tesseract 3.04.00' />
  <meta name='ocr-capabilities' content='ocr_page ocr_carea ocr_par ocr_line ocrx_word'/>
</head>
<body>
  <div class='ocr_page' id='page_1' title='image "./saturarumlibriv00juveuoft_0184.png"; bbox 0 0 1778 2693; ppageno 0'>
   <div class='ocr_carea' id='block_1_1' title="bbox 233 144 1200 175">
    <p class='ocr_par' dir='ltr' id='par_1_1' title="bbox 233 144 1200 175">
     <span class='ocr_line' id='line_1_1' title="bbox 233 144 1200 175; baseline -0.001 -1"><span class='ocrx_word' id='word_1_1' title='bbox 233 144 307 175; x_wconf 90' lang='lat'>102</span> <span class='ocrx_word' id='word_1_2' title='bbox 713 145 753 173; x_wconf 93' lang='lat' dir='ltr'>D.</span> <span class='ocrx_word' id='word_1_3' title='bbox 789 145 917 174; x_wconf 77' lang='lat' dir='ltr'>IVNII</span> <span class='ocrx_word' id='word_1_4' title='bbox 948 145 1200 174; x_wconf 80' lang='lat' dir='ltr'>IVVENALIS</span> 
     </span>
    </p>
   </div>
   <div class='ocr_carea' id='block_1_2' title="bbox 221 244 1546 2503">
    <p class='ocr_par' dir='ltr' id='par_1_2' title="bbox 221 244 1546 2503">
     <span class='ocr_line' id='line_1_2' title="bbox 226 244 1226 297; baseline 0.002 -14"><span class='ocrx_word' id='word_1_5' title='bbox 226 251 275 283; x_wconf 92' lang='lat' dir='ltr'>ut</span> <span class='ocrx_word' id='word_1_6' title='bbox 295 244 423 297; x_wconf 88' lang='lat' dir='ltr'>spado</span> <span class='ocrx_word' id='word_1_7' title='bbox 443 244 633 284; x_wconf 78' lang='lat' dir='ltr'>vincebat</span> <span class='ocrx_word' id='word_1_8' title='bbox 656 244 862 297; x_wconf 83' lang='lat' dir='ltr'>Capitolia</span> <span class='ocrx_word' id='word_1_9' title='bbox 883 247 1025 284; x_wconf 88' lang='lat' dir='ltr'>nostra</span> <span class='ocrx_word' id='word_1_10' title='bbox 1046 244 1226 285; x_wconf 89' lang='lat' dir='ltr'>Posides.</span> 
     </span>
     <span class='ocr_line' id='line_1_3' title="bbox 225 309 1317 361; baseline 0.002 -13"><span class='ocrx_word' id='word_1_11' title='bbox 225 310 328 348; x_wconf 84' lang='lat' dir='ltr'>dum</span> <span class='ocrx_word' id='word_1_12' title='bbox 349 309 406 349; x_wconf 89' lang='lat' dir='ltr'>sic</span> <span class='ocrx_word' id='word_1_13' title='bbox 427 323 524 361; x_wconf 88' lang='lat' dir='ltr'>ergo</span> <span class='ocrx_word' id='word_1_14' title='bbox 544 309 707 349; x_wconf 85' lang='lat' dir='ltr'>habitat</span> <span class='ocrx_word' id='word_1_15' title='bbox 729 309 965 357; x_wconf 74' lang='lat' dir='ltr'>Cretonius,</span> <span class='ocrx_word' id='word_1_16' title='bbox 990 309 1196 350; x_wconf 76' lang='lat' dir='ltr'>inminuit</span> <span class='ocrx_word' id='word_1_17' title='bbox 1216 324 1317 359; x_wconf 90' lang='lat' dir='ltr'>rem,</span> 
     </span>
     <span class='ocr_line' id='line_1_4' title="bbox 225 375 1295 427; baseline 0.002 -14"><span class='ocrx_word' id='word_1_18' title='bbox 225 375 353 426; x_wconf 75' lang='lat' dir='ltr'>fregit</span> <span class='ocrx_word' id='word_1_19' title='bbox 373 388 483 427; x_wconf 89' lang='lat' dir='ltr'>opes,</span> <span class='ocrx_word' id='word_1_20' title='bbox 508 388 582 414; x_wconf 91' lang='lat' dir='ltr'>nec</span> <span class='ocrx_word' id='word_1_21' title='bbox 602 388 729 427; x_wconf 80' lang='lat' dir='ltr'>parva</span> <span class='ocrx_word' id='word_1_22' title='bbox 750 377 890 414; x_wconf 81' lang='lat' dir='ltr'>tamen</span> <span class='ocrx_word' id='word_1_23' title='bbox 912 388 1108 415; x_wconf 87' lang='lat' dir='ltr'>mensura</span> <span class='ocrx_word' id='word_1_24' title='bbox 1129 375 1295 415; x_wconf 83' lang='lat' dir='ltr'>relictae</span> 
     </span>
     <span class='ocr_line' id='line_1_5' title="bbox 224 440 1312 491; baseline 0.002 -13"><span class='ocrx_word' id='word_1_25' title='bbox 224 440 354 491; x_wconf 83' lang='lat' dir='ltr'>partis</span> <span class='ocrx_word' id='word_1_26' title='bbox 373 444 476 479; x_wconf 85' lang='lat' dir='ltr'>erat.</span> <span class='ocrx_word' id='word_1_27' title='bbox 536 442 667 479; x_wconf 80' lang='lat' dir='ltr'>totam</span> <span class='ocrx_word' id='word_1_28' title='bbox 688 440 796 480; x_wconf 84' lang='lat' dir='ltr'>hanc</span> <span class='ocrx_word' id='word_1_29' title='bbox 818 440 1004 479; x_wconf 78' lang='lat' dir='ltr'>turbavit</span> <span class='ocrx_word' id='word_1_30' title='bbox 1025 441 1137 480; x_wconf 90' lang='lat' dir='ltr'>filius</span> <span class='ocrx_word' id='word_1_31' title='bbox 1156 454 1312 489; x_wconf 85' lang='lat' dir='ltr'>amens,</span> 
     </span>
     <span class='ocr_line' id='line_1_6' title="bbox 224 504 1219 546; baseline 0.003 -4"><span class='ocrx_word' id='word_1_32' title='bbox 224 504 327 543; x_wconf 88' lang='lat' dir='ltr'>dum</span> <span class='ocrx_word' id='word_1_33' title='bbox 349 505 517 544; x_wconf 84' lang='lat' dir='ltr'>meliore</span> <span class='ocrx_word' id='word_1_34' title='bbox 538 518 664 544; x_wconf 85' lang='lat' dir='ltr'>novas</span> <span class='ocrx_word' id='word_1_35' title='bbox 684 505 843 545; x_wconf 80' lang='lat' dir='ltr'>attollit</span> <span class='ocrx_word' id='word_1_36' title='bbox 863 519 1068 546; x_wconf 87' lang='lat' dir='ltr'>marmore</span> <span class='ocrx_word' id='word_1_37' title='bbox 1089 506 1219 545; x_wconf 80' lang='lat' dir='ltr'>villas.</span> 
     </span>
     <span class='ocr_line' id='line_1_7' title="bbox 279 569 1261 622; baseline 0.002 -14"><span class='ocrx_word' id='word_1_38' title='bbox 279 569 450 621; x_wconf 86' lang='lat' dir='ltr'>quidam</span> <span class='ocrx_word' id='word_1_39' title='bbox 471 570 607 609; x_wconf 89' lang='lat' dir='ltr'>sortiti</span> <span class='ocrx_word' id='word_1_40' title='bbox 630 574 888 610; x_wconf 77' lang='lat' dir='ltr'>metuentem</span> <span class='ocrx_word' id='word_1_41' title='bbox 910 571 1079 610; x_wconf 80' lang='lat' dir='ltr'>subbata</span> <span class='ocrx_word' id='word_1_42' title='bbox 1098 574 1261 622; x_wconf 84' lang='lat' dir='ltr'>patrem</span> 
     </span>
     <span class='ocr_line' id='line_1_8' title="bbox 223 635 1193 686; baseline 0.002 -13"><span class='ocrx_word' id='word_1_43' title='bbox 223 635 284 673; x_wconf 89' lang='lat' dir='ltr'>nil</span> <span class='ocrx_word' id='word_1_44' title='bbox 305 638 468 686; x_wconf 90' lang='lat' dir='ltr'>praeter</span> <span class='ocrx_word' id='word_1_45' title='bbox 488 635 621 674; x_wconf 90' lang='lat' dir='ltr'>nubes</span> <span class='ocrx_word' id='word_1_46' title='bbox 641 638 682 674; x_wconf 93' lang='lat' dir='ltr'>et</span> <span class='ocrx_word' id='word_1_47' title='bbox 702 635 803 674; x_wconf 85' lang='lat' dir='ltr'>caeli</span> <span class='ocrx_word' id='word_1_48' title='bbox 824 649 983 675; x_wconf 88' lang='lat' dir='ltr'>numen</span> <span class='ocrx_word' id='word_1_49' title='bbox 1003 636 1193 683; x_wconf 91' lang='lat' dir='ltr'>adorant,</span> 
     </span>
     <span class='ocr_line' id='line_1_9' title="bbox 223 699 1186 751; baseline 0.001 -13"><span class='ocrx_word' id='word_1_50' title='bbox 223 712 299 739; x_wconf 89' lang='lat' dir='ltr'>nec</span> <span class='ocrx_word' id='word_1_51' title='bbox 320 699 474 739; x_wconf 85' lang='lat' dir='ltr'>distare</span> <span class='ocrx_word' id='word_1_52' title='bbox 494 702 649 751; x_wconf 88' lang='lat' dir='ltr'>putant</span> <span class='ocrx_word' id='word_1_53' title='bbox 668 700 855 740; x_wconf 86' lang='lat' dir='ltr'>humana</span> <span class='ocrx_word' id='word_1_54' title='bbox 874 713 997 739; x_wconf 90' lang='lat' dir='ltr'>carne</span> <span class='ocrx_word' id='word_1_55' title='bbox 1020 700 1186 739; x_wconf 81' lang='lat' dir='ltr'>suillam</span> 
     </span>
     <span class='ocr_line' id='line_1_10' title="bbox 224 764 1313 817; baseline 0.002 -15"><span class='ocrx_word' id='word_1_56' title='bbox 224 777 306 816; x_wconf 91' lang='lat' dir='ltr'>qua</span> <span class='ocrx_word' id='word_1_57' title='bbox 326 767 444 816; x_wconf 81' lang='lat' dir='ltr'>pater</span> <span class='ocrx_word' id='word_1_58' title='bbox 463 764 683 812; x_wconf 82' lang='lat' dir='ltr'>abstinuit,</span> <span class='ocrx_word' id='word_1_59' title='bbox 707 778 805 804; x_wconf 77' lang='lat' dir='ltr'>mox</span> <span class='ocrx_word' id='word_1_60' title='bbox 825 768 867 804; x_wconf 94' lang='lat' dir='ltr'>et</span> <span class='ocrx_word' id='word_1_61' title='bbox 886 765 1107 817; x_wconf 88' lang='lat' dir='ltr'>praeputia</span> <span class='ocrx_word' id='word_1_62' title='bbox 1127 767 1313 817; x_wconf 81' lang='lat' dir='ltr'>ponunt3</span> 
     </span>
     <span class='ocr_line' id='line_1_11' title="bbox 225 830 1142 882; baseline 0.001 -14"><span class='ocrx_word' id='word_1_63' title='bbox 225 830 431 869; x_wconf 84' lang='lat' dir='ltr'>Romanas</span> <span class='ocrx_word' id='word_1_64' title='bbox 451 833 591 869; x_wconf 88' lang='lat' dir='ltr'>autem</span> <span class='ocrx_word' id='word_1_65' title='bbox 613 830 721 869; x_wconf 88' lang='lat' dir='ltr'>soliti</span> <span class='ocrx_word' id='word_1_66' title='bbox 744 833 1012 870; x_wconf 84' lang='lat' dir='ltr'>contemnere</span> <span class='ocrx_word' id='word_1_67' title='bbox 1032 830 1142 882; x_wconf 86' lang='lat' dir='ltr'>leges</span> 
     </span>
     <span class='ocr_line' id='line_1_12' title="bbox 223 894 1302 942; baseline 0.001 -10"><span class='ocrx_word' id='word_1_68' title='bbox 223 894 446 933; x_wconf 81' lang='lat' dir='ltr'>Iudaicum</span> <span class='ocrx_word' id='word_1_69' title='bbox 467 895 659 934; x_wconf 88' lang='lat' dir='ltr'>ediscunt</span> <span class='ocrx_word' id='word_1_70' title='bbox 679 897 721 934; x_wconf 92' lang='lat' dir='ltr'>et</span> <span class='ocrx_word' id='word_1_71' title='bbox 741 897 907 934; x_wconf 82' lang='lat' dir='ltr'>servant</span> <span class='ocrx_word' id='word_1_72' title='bbox 935 908 981 934; x_wconf 88' lang='lat' dir='ltr'>ac</span> <span class='ocrx_word' id='word_1_73' title='bbox 1003 897 1203 934; x_wconf 90' lang='lat' dir='ltr'>metuunt</span> <span class='ocrx_word' id='word_1_74' title='bbox 1223 895 1302 942; x_wconf 92' lang='lat' dir='ltr'>ius,</span> 
     </span>
     <span class='ocr_line' id='line_1_13' title="bbox 224 959 1320 1012; baseline 0.001 -14"><span class='ocrx_word' id='word_1_75' title='bbox 224 959 400 998; x_wconf 80' lang='lat' dir='ltr'>tradidit</span> <span class='ocrx_word' id='word_1_76' title='bbox 419 973 569 999; x_wconf 86' lang='lat' dir='ltr'>arcano</span> <span class='ocrx_word' id='word_1_77' title='bbox 591 960 886 1012; x_wconf 88' lang='lat' dir='ltr'>quodcumque</span> <span class='ocrx_word' id='word_1_78' title='bbox 907 959 1121 999; x_wconf 85' lang='lat' dir='ltr'>volumine</span> <span class='ocrx_word' id='word_1_79' title='bbox 1143 960 1320 1012; x_wconf 80' lang='lat' dir='ltr'>Moyses,</span> 
     </span>
     <span class='ocr_line' id='line_1_14' title="bbox 223 1024 1256 1072; baseline 0.001 -10"><span class='ocrx_word' id='word_1_80' title='bbox 223 1037 307 1063; x_wconf 88' lang='lat' dir='ltr'>non</span> <span class='ocrx_word' id='word_1_81' title='bbox 330 1027 561 1064; x_wconf 88' lang='lat' dir='ltr'>monstrare</span> <span class='ocrx_word' id='word_1_82' title='bbox 582 1024 668 1064; x_wconf 86' lang='lat' dir='ltr'>vias</span> <span class='ocrx_word' id='word_1_83' title='bbox 686 1025 829 1064; x_wconf 87' lang='lat' dir='ltr'>eadem</span> <span class='ocrx_word' id='word_1_84' title='bbox 852 1024 931 1064; x_wconf 89' lang='lat' dir='ltr'>nisi</span> <span class='ocrx_word' id='word_1_85' title='bbox 954 1038 1068 1064; x_wconf 85' lang='lat' dir='ltr'>sacra</span> <span class='ocrx_word' id='word_1_86' title='bbox 1087 1024 1256 1072; x_wconf 87' lang='lat' dir='ltr'>colenti,</span> 
     </span>
     <span class='ocr_line' id='line_1_15' title="bbox 224 1089 1247 1141; baseline 0.002 -15"><span class='ocrx_word' id='word_1_87' title='bbox 224 1089 461 1141; x_wconf 88' lang='lat' dir='ltr'>quaesitum</span> <span class='ocrx_word' id='word_1_88' title='bbox 481 1089 533 1129; x_wconf 86' lang='lat' dir='ltr'>ad</span> <span class='ocrx_word' id='word_1_89' title='bbox 554 1090 716 1129; x_wconf 78' lang='lat' dir='ltr'>fontem</span> <span class='ocrx_word' id='word_1_90' title='bbox 737 1089 843 1129; x_wconf 88' lang='lat' dir='ltr'>solos</span> <span class='ocrx_word' id='word_1_91' title='bbox 863 1090 1068 1129; x_wconf 83' lang='lat' dir='ltr'>deducere</span> <span class='ocrx_word' id='word_1_92' title='bbox 1089 1102 1247 1141; x_wconf 84' lang='lat' dir='ltr'>verpos.</span> 
     </span>
     <span class='ocr_line' id='line_1_16' title="bbox 223 1154 1354 1207; baseline -0.001 -14"><span class='ocrx_word' id='word_1_93' title='bbox 223 1154 292 1193; x_wconf 87' lang='lat' dir='ltr'>sed</span> <span class='ocrx_word' id='word_1_94' title='bbox 314 1157 432 1206; x_wconf 86' lang='lat' dir='ltr'>pater</span> <span class='ocrx_word' id='word_1_95' title='bbox 452 1154 496 1193; x_wconf 90' lang='lat' dir='ltr'>in</span> <span class='ocrx_word' id='word_1_96' title='bbox 517 1168 653 1202; x_wconf 87' lang='lat' dir='ltr'>causa,</span> <span class='ocrx_word' id='word_1_97' title='bbox 677 1155 745 1194; x_wconf 92' lang='lat' dir='ltr'>cui</span> <span class='ocrx_word' id='word_1_98' title='bbox 766 1154 944 1207; x_wconf 83' lang='lat' dir='ltr'>septima</span> <span class='ocrx_word' id='word_1_99' title='bbox 965 1168 1154 1206; x_wconf 86' lang='lat' dir='ltr'>quaeque</span> <span class='ocrx_word' id='word_1_100' title='bbox 1174 1154 1259 1193; x_wconf 85' lang='lat' dir='ltr'>fuit</span> <span class='ocrx_word' id='word_1_101' title='bbox 1280 1154 1354 1192; x_wconf 85' lang='lat' dir='ltr'>lux</span> 
     </span>
     <span class='ocr_line' id='line_1_17' title="bbox 223 1219 1179 1272; baseline 0 -15"><span class='ocrx_word' id='word_1_102' title='bbox 223 1219 373 1270; x_wconf 84' lang='lat' dir='ltr'>ignava</span> <span class='ocrx_word' id='word_1_103' title='bbox 392 1222 434 1259; x_wconf 89' lang='lat' dir='ltr'>et</span> <span class='ocrx_word' id='word_1_104' title='bbox 455 1223 615 1272; x_wconf 87' lang='lat' dir='ltr'>partem</span> <span class='ocrx_word' id='word_1_105' title='bbox 637 1220 746 1259; x_wconf 84' lang='lat' dir='ltr'>vitae</span> <span class='ocrx_word' id='word_1_106' title='bbox 768 1233 850 1259; x_wconf 88' lang='lat' dir='ltr'>non</span> <span class='ocrx_word' id='word_1_107' title='bbox 872 1220 1016 1271; x_wconf 83' lang='lat' dir='ltr'>attigit</span> <span class='ocrx_word' id='word_1_108' title='bbox 1037 1219 1179 1259; x_wconf 80' lang='lat' dir='ltr'>ullam.</span> 
     </span>
     <span class='ocr_line' id='line_1_18' title="bbox 276 1284 1341 1336; baseline 0 -13"><span class='ocrx_word' id='word_1_109' title='bbox 276 1287 423 1336; x_wconf 89' lang='lat' dir='ltr'>sponte</span> <span class='ocrx_word' id='word_1_110' title='bbox 444 1287 584 1324; x_wconf 88' lang='lat' dir='ltr'>tamen</span> <span class='ocrx_word' id='word_1_111' title='bbox 606 1284 775 1324; x_wconf 87' lang='lat' dir='ltr'>iuvenes</span> <span class='ocrx_word' id='word_1_112' title='bbox 796 1285 1021 1323; x_wconf 81' lang='lat' dir='ltr'>imitantur</span> <span class='ocrx_word' id='word_1_113' title='bbox 1040 1288 1189 1332; x_wconf 87' lang='lat' dir='ltr'>cetera,</span> <span class='ocrx_word' id='word_1_114' title='bbox 1213 1285 1341 1323; x_wconf 89' lang='lat' dir='ltr'>solam</span> 
     </span>
     <span class='ocr_line' id='line_1_19' title="bbox 223 1349 1212 1401; baseline 0 -14"><span class='ocrx_word' id='word_1_115' title='bbox 223 1349 345 1388; x_wconf 77' lang='lat' dir='ltr'>inviti</span> <span class='ocrx_word' id='word_1_116' title='bbox 368 1363 533 1401; x_wconf 86' lang='lat' dir='ltr'>quoque</span> <span class='ocrx_word' id='word_1_117' title='bbox 554 1349 770 1389; x_wconf 83' lang='lat' dir='ltr'>avaritiam</span> <span class='ocrx_word' id='word_1_118' title='bbox 791 1363 979 1389; x_wconf 74' lang='lat' dir='ltr'>exercere</span> <span class='ocrx_word' id='word_1_119' title='bbox 999 1349 1212 1388; x_wconf 89' lang='lat' dir='ltr'>iubentur.</span> 
     </span>
     <span class='ocr_line' id='line_1_20' title="bbox 222 1414 1230 1466; baseline 0 -13"><span class='ocrx_word' id='word_1_120' title='bbox 222 1414 334 1453; x_wconf 78' lang='lat' dir='ltr'>fallit</span> <span class='ocrx_word' id='word_1_121' title='bbox 353 1414 466 1454; x_wconf 92' lang='lat' dir='ltr'>enim</span> <span class='ocrx_word' id='word_1_122' title='bbox 489 1414 638 1453; x_wconf 86' lang='lat' dir='ltr'>vitium</span> <span class='ocrx_word' id='word_1_123' title='bbox 661 1415 795 1466; x_wconf 87' lang='lat' dir='ltr'>specie</span> <span class='ocrx_word' id='word_1_124' title='bbox 816 1414 987 1454; x_wconf 78' lang='lat' dir='ltr'>virtutis</span> <span class='ocrx_word' id='word_1_125' title='bbox 1007 1417 1048 1454; x_wconf 93' lang='lat' dir='ltr'>et</span> <span class='ocrx_word' id='word_1_126' title='bbox 1069 1414 1230 1461; x_wconf 81' lang='lat' dir='ltr'>umbra,</span> 
     </span>
     <span class='ocr_line' id='line_1_21' title="bbox 222 1479 1345 1531; baseline -0.001 -13"><span class='ocrx_word' id='word_1_127' title='bbox 222 1493 317 1519; x_wconf 89' lang='lat' dir='ltr'>cum</span> <span class='ocrx_word' id='word_1_128' title='bbox 339 1480 394 1519; x_wconf 90' lang='lat' dir='ltr'>sit</span> <span class='ocrx_word' id='word_1_129' title='bbox 414 1480 533 1519; x_wconf 89' lang='lat' dir='ltr'>triste</span> <span class='ocrx_word' id='word_1_130' title='bbox 555 1479 701 1519; x_wconf 87' lang='lat' dir='ltr'>habitu</span> <span class='ocrx_word' id='word_1_131' title='bbox 724 1480 928 1531; x_wconf 82' lang='lat' dir='ltr'>vultuque</span> <span class='ocrx_word' id='word_1_132' title='bbox 949 1482 991 1519; x_wconf 92' lang='lat' dir='ltr'>et</span> <span class='ocrx_word' id='word_1_133' title='bbox 1010 1483 1122 1519; x_wconf 84' lang='lat' dir='ltr'>veste</span> <span class='ocrx_word' id='word_1_134' title='bbox 1143 1492 1345 1527; x_wconf 79' lang='lat' dir='ltr'>severum,</span> 
     </span>
     <span class='ocr_line' id='line_1_22' title="bbox 222 1544 1214 1596; baseline -0.001 -12"><span class='ocrx_word' id='word_1_135' title='bbox 222 1558 297 1584; x_wconf 90' lang='lat' dir='ltr'>nec</span> <span class='ocrx_word' id='word_1_136' title='bbox 317 1544 445 1584; x_wconf 88' lang='lat' dir='ltr'>dubie</span> <span class='ocrx_word' id='word_1_137' title='bbox 465 1547 679 1596; x_wconf 83' lang='lat' dir='ltr'>tamquam</span> <span class='ocrx_word' id='word_1_138' title='bbox 701 1544 814 1596; x_wconf 77' lang='lat' dir='ltr'>frugi</span> <span class='ocrx_word' id='word_1_139' title='bbox 838 1544 1033 1584; x_wconf 86' lang='lat' dir='ltr'>laudetur</span> <span class='ocrx_word' id='word_1_140' title='bbox 1052 1557 1214 1591; x_wconf 87' lang='lat' dir='ltr'>avarus,</span> 
     </span>
     <span class='ocr_line' id='line_1_23' title="bbox 222 1609 1317 1662; baseline -0.001 -14"><span class='ocrx_word' id='word_1_141' title='bbox 222 1613 437 1661; x_wconf 85' lang='lat' dir='ltr'>tamquam</span> <span class='ocrx_word' id='word_1_142' title='bbox 458 1623 606 1662; x_wconf 87' lang='lat' dir='ltr'>parcus</span> <span class='ocrx_word' id='word_1_143' title='bbox 626 1609 752 1649; x_wconf 91' lang='lat' dir='ltr'>homo</span> <span class='ocrx_word' id='word_1_144' title='bbox 771 1612 813 1648; x_wconf 92' lang='lat' dir='ltr'>et</span> <span class='ocrx_word' id='word_1_145' title='bbox 834 1623 972 1649; x_wconf 90' lang='lat' dir='ltr'>rerum</span> <span class='ocrx_word' id='word_1_146' title='bbox 994 1609 1129 1648; x_wconf 84' lang='lat' dir='ltr'>tutela</span> <span class='ocrx_word' id='word_1_147' title='bbox 1149 1622 1317 1648; x_wconf 91' lang='lat' dir='ltr'>suarum</span> 
     </span>
     <span class='ocr_line' id='line_1_24' title="bbox 222 1674 1236 1726; baseline -0.002 -12"><span class='ocrx_word' id='word_1_148' title='bbox 222 1677 335 1714; x_wconf 87' lang='lat' dir='ltr'>certa</span> <span class='ocrx_word' id='word_1_149' title='bbox 355 1674 487 1726; x_wconf 84' lang='lat' dir='ltr'>magis</span> <span class='ocrx_word' id='word_1_150' title='bbox 508 1688 632 1725; x_wconf 88' lang='lat' dir='ltr'>quam</span> <span class='ocrx_word' id='word_1_151' title='bbox 654 1674 687 1713; x_wconf 91' lang='lat' dir='ltr'>si</span> <span class='ocrx_word' id='word_1_152' title='bbox 708 1674 899 1713; x_wconf 86' lang='lat' dir='ltr'>fortunas</span> <span class='ocrx_word' id='word_1_153' title='bbox 919 1676 1054 1713; x_wconf 82' lang='lat' dir='ltr'>servet</span> <span class='ocrx_word' id='word_1_154' title='bbox 1074 1674 1236 1713; x_wconf 84' lang='lat' dir='ltr'>easdem</span> 
     </span>
     <span class='ocr_line' id='line_1_25' title="bbox 223 1738 1546 1791; baseline 0 -13"><span class='ocrx_word' id='word_1_155' title='bbox 223 1739 507 1791; x_wconf 84' lang='lat' dir='ltr'>Hesperidum</span> <span class='ocrx_word' id='word_1_156' title='bbox 528 1751 695 1791; x_wconf 88' lang='lat' dir='ltr'>serpens</span> <span class='ocrx_word' id='word_1_157' title='bbox 715 1742 789 1778; x_wconf 86' lang='lat' dir='ltr'>aut</span> <span class='ocrx_word' id='word_1_158' title='bbox 810 1739 1022 1778; x_wconf 87' lang='lat' dir='ltr'>Ponticus.</span> <span class='ocrx_word' id='word_1_159' title='bbox 1084 1739 1190 1777; x_wconf 85' lang='lat' dir='ltr'>adde</span> <span class='ocrx_word' id='word_1_160' title='bbox 1211 1739 1321 1789; x_wconf 86' lang='lat' dir='ltr'>quod</span> <span class='ocrx_word' id='word_1_161' title='bbox 1342 1738 1471 1786; x_wconf 85' lang='lat' dir='ltr'>hunc,</span> <span class='ocrx_word' id='word_1_162' title='bbox 1494 1739 1546 1778; x_wconf 89' lang='lat' dir='ltr'>de</span> 
     </span>
     <span class='ocr_line' id='line_1_26' title="bbox 223 1803 1338 1855; baseline 0.002 -16"><span class='ocrx_word' id='word_1_163' title='bbox 223 1817 304 1855; x_wconf 87' lang='lat' dir='ltr'>quo</span> <span class='ocrx_word' id='word_1_164' title='bbox 324 1804 486 1855; x_wconf 82' lang='lat' dir='ltr'>loquor,</span> <span class='ocrx_word' id='word_1_165' title='bbox 510 1804 723 1854; x_wconf 83' lang='lat' dir='ltr'>egregium</span> <span class='ocrx_word' id='word_1_166' title='bbox 745 1803 925 1855; x_wconf 85' lang='lat' dir='ltr'>populus</span> <span class='ocrx_word' id='word_1_167' title='bbox 945 1806 1068 1855; x_wconf 82' lang='lat' dir='ltr'>putat</span> <span class='ocrx_word' id='word_1_168' title='bbox 1088 1803 1338 1854; x_wconf 84' lang='lat' dir='ltr'>adquirendi</span> 
     </span>
     <span class='ocr_line' id='line_1_27' title="bbox 221 1867 1367 1921; baseline -0.002 -13"><span class='ocrx_word' id='word_1_169' title='bbox 221 1869 445 1917; x_wconf 81' lang='lat' dir='ltr'>artificem3</span> <span class='ocrx_word' id='word_1_170' title='bbox 477 1868 633 1921; x_wconf 84' lang='lat' dir='ltr'>quippe</span> <span class='ocrx_word' id='word_1_171' title='bbox 653 1868 718 1907; x_wconf 89' lang='lat' dir='ltr'>his</span> <span class='ocrx_word' id='word_1_172' title='bbox 738 1872 931 1908; x_wconf 84' lang='lat' dir='ltr'>crescunt</span> <span class='ocrx_word' id='word_1_173' title='bbox 950 1867 1205 1919; x_wconf 87' lang='lat' dir='ltr'>patrimonia</span> <span class='ocrx_word' id='word_1_174' title='bbox 1224 1867 1367 1915; x_wconf 78' lang='lat' dir='ltr'>fabris,</span> 
     </span>
     <span class='ocr_line' id='line_1_28' title="bbox 221 1933 1344 1985; baseline -0.002 -12"><span class='ocrx_word' id='word_1_175' title='bbox 221 1935 290 1973; x_wconf 84' lang='lat' dir='ltr'>sed</span> <span class='ocrx_word' id='word_1_176' title='bbox 314 1936 506 1973; x_wconf 87' lang='lat' dir='ltr'>crescunt</span> <span class='ocrx_word' id='word_1_177' title='bbox 527 1946 791 1985; x_wconf 86' lang='lat' dir='ltr'>quocumque</span> <span class='ocrx_word' id='word_1_178' title='bbox 812 1933 950 1981; x_wconf 88' lang='lat' dir='ltr'>modo,</span> <span class='ocrx_word' id='word_1_179' title='bbox 974 1933 1213 1984; x_wconf 86' lang='lat' dir='ltr'>maioraque</span> <span class='ocrx_word' id='word_1_180' title='bbox 1236 1933 1344 1972; x_wconf 89' lang='lat' dir='ltr'>fiunt</span> 
     </span>
     <span class='ocr_line' id='line_1_29' title="bbox 222 1997 1223 2050; baseline -0.001 -12"><span class='ocrx_word' id='word_1_181' title='bbox 222 1999 373 2038; x_wconf 86' lang='lat' dir='ltr'>incude</span> <span class='ocrx_word' id='word_1_182' title='bbox 394 1999 568 2038; x_wconf 86' lang='lat' dir='ltr'>adsidua</span> <span class='ocrx_word' id='word_1_183' title='bbox 588 2011 832 2050; x_wconf 85' lang='lat' dir='ltr'>semperque</span> <span class='ocrx_word' id='word_1_184' title='bbox 852 1998 1025 2037; x_wconf 85' lang='lat' dir='ltr'>ardente</span> <span class='ocrx_word' id='word_1_185' title='bbox 1046 1997 1223 2037; x_wconf 85' lang='lat' dir='ltr'>camino.</span> 
     </span>
     <span class='ocr_line' id='line_1_30' title="bbox 221 2063 1166 2116; baseline -0.002 -13"><span class='ocrx_word' id='word_1_186' title='bbox 221 2066 262 2103; x_wconf 87' lang='lat' dir='ltr'>et</span> <span class='ocrx_word' id='word_1_187' title='bbox 282 2070 402 2116; x_wconf 87' lang='lat' dir='ltr'>pater</span> <span class='ocrx_word' id='word_1_188' title='bbox 421 2076 518 2115; x_wconf 87' lang='lat' dir='ltr'>ergo</span> <span class='ocrx_word' id='word_1_189' title='bbox 538 2063 668 2102; x_wconf 87' lang='lat' dir='ltr'>animi</span> <span class='ocrx_word' id='word_1_190' title='bbox 689 2063 832 2102; x_wconf 81' lang='lat' dir='ltr'>felices</span> <span class='ocrx_word' id='word_1_191' title='bbox 851 2063 986 2102; x_wconf 85' lang='lat' dir='ltr'>credit</span> <span class='ocrx_word' id='word_1_192' title='bbox 1006 2076 1166 2111; x_wconf 84' lang='lat' dir='ltr'>avar0s3</span> 
     </span>
     <span class='ocr_line' id='line_1_31' title="bbox 222 2127 1197 2180; baseline 0.001 -15"><span class='ocrx_word' id='word_1_193' title='bbox 222 2128 293 2180; x_wconf 90' lang='lat' dir='ltr'>qui</span> <span class='ocrx_word' id='word_1_194' title='bbox 315 2128 494 2167; x_wconf 85' lang='lat' dir='ltr'>miratur</span> <span class='ocrx_word' id='word_1_195' title='bbox 513 2141 623 2180; x_wconf 87' lang='lat' dir='ltr'>opes,</span> <span class='ocrx_word' id='word_1_196' title='bbox 649 2127 720 2179; x_wconf 91' lang='lat' dir='ltr'>qui</span> <span class='ocrx_word' id='word_1_197' title='bbox 742 2127 858 2166; x_wconf 87' lang='lat' dir='ltr'>nulla</span> <span class='ocrx_word' id='word_1_198' title='bbox 877 2127 1068 2179; x_wconf 82' lang='lat' dir='ltr'>exempla</span> <span class='ocrx_word' id='word_1_199' title='bbox 1087 2127 1197 2166; x_wconf 83' lang='lat' dir='ltr'>beati</span> 
     </span>
     <span class='ocr_line' id='line_1_32' title="bbox 223 2192 1245 2245; baseline -0.001 -14"><span class='ocrx_word' id='word_1_200' title='bbox 223 2193 417 2245; x_wconf 74' lang='lat' dir='ltr'>pauperiS</span> <span class='ocrx_word' id='word_1_201' title='bbox 436 2206 520 2232; x_wconf 88' lang='lat' dir='ltr'>esse</span> <span class='ocrx_word' id='word_1_202' title='bbox 541 2195 678 2244; x_wconf 83' lang='lat' dir='ltr'>putat,</span> <span class='ocrx_word' id='word_1_203' title='bbox 702 2192 871 2231; x_wconf 84' lang='lat' dir='ltr'>iuvenes</span> <span class='ocrx_word' id='word_1_204' title='bbox 890 2192 1085 2231; x_wconf 83' lang='lat' dir='ltr'>hortatur</span> <span class='ocrx_word' id='word_1_205' title='bbox 1105 2195 1154 2230; x_wconf 91' lang='lat' dir='ltr'>ut</span> <span class='ocrx_word' id='word_1_206' title='bbox 1174 2192 1245 2230; x_wconf 90' lang='lat' dir='ltr'>illa</span> 
     </span>
     <span class='ocr_line' id='line_1_33' title="bbox 222 2257 1208 2309; baseline -0.002 -13"><span class='ocrx_word' id='word_1_207' title='bbox 222 2258 279 2296; x_wconf 90' lang='lat' dir='ltr'>ire</span> <span class='ocrx_word' id='word_1_208' title='bbox 301 2258 367 2296; x_wconf 77' lang='lat' dir='ltr'>via</span> <span class='ocrx_word' id='word_1_209' title='bbox 387 2261 563 2309; x_wconf 84' lang='lat' dir='ltr'>pergant</span> <span class='ocrx_word' id='word_1_210' title='bbox 583 2260 625 2296; x_wconf 88' lang='lat' dir='ltr'>et</span> <span class='ocrx_word' id='word_1_211' title='bbox 644 2257 779 2296; x_wconf 90' lang='lat' dir='ltr'>eidem</span> <span class='ocrx_word' id='word_1_212' title='bbox 802 2257 1042 2296; x_wconf 84' lang='lat' dir='ltr'>incumbere</span> <span class='ocrx_word' id='word_1_213' title='bbox 1063 2260 1208 2295; x_wconf 78' lang='lat' dir='ltr'>sectae.</span> 
     </span>
     <span class='ocr_line' id='line_1_34' title="bbox 221 2321 1419 2373; baseline 0 -12"><span class='ocrx_word' id='word_1_214' title='bbox 221 2326 321 2361; x_wconf 85' lang='lat' dir='ltr'>sunt</span> <span class='ocrx_word' id='word_1_215' title='bbox 342 2323 543 2373; x_wconf 82' lang='lat' dir='ltr'>quaedam</span> <span class='ocrx_word' id='word_1_216' title='bbox 566 2322 763 2362; x_wconf 79' lang='lat' dir='ltr'>vitiorum</span> <span class='ocrx_word' id='word_1_217' title='bbox 785 2322 1004 2368; x_wconf 85' lang='lat' dir='ltr'>elementa,</span> <span class='ocrx_word' id='word_1_218' title='bbox 1028 2321 1093 2360; x_wconf 90' lang='lat' dir='ltr'>his</span> <span class='ocrx_word' id='word_1_219' title='bbox 1114 2321 1306 2372; x_wconf 88' lang='lat' dir='ltr'>protinus</span> <span class='ocrx_word' id='word_1_220' title='bbox 1327 2321 1419 2361; x_wconf 88' lang='lat' dir='ltr'>illos</span> 
     </span>
     <span class='ocr_line' id='line_1_35' title="bbox 222 2386 1147 2437; baseline -0.001 -12"><span class='ocrx_word' id='word_1_221' title='bbox 222 2387 362 2426; x_wconf 89' lang='lat' dir='ltr'>inbuit</span> <span class='ocrx_word' id='word_1_222' title='bbox 382 2392 423 2426; x_wconf 91' lang='lat' dir='ltr'>et</span> <span class='ocrx_word' id='word_1_223' title='bbox 444 2387 555 2437; x_wconf 70' lang='lat' dir='ltr'>cogit</span> <span class='ocrx_word' id='word_1_224' title='bbox 577 2386 771 2425; x_wconf 85' lang='lat' dir='ltr'>minimas</span> <span class='ocrx_word' id='word_1_225' title='bbox 792 2386 970 2425; x_wconf 81' lang='lat' dir='ltr'>ediscere</span> <span class='ocrx_word' id='word_1_226' title='bbox 991 2386 1147 2434; x_wconf 83' lang='lat' dir='ltr'>sordes3</span> 
     </span>
     <span class='ocr_line' id='line_1_36' title="bbox 222 2451 1161 2503; baseline -0.002 -12"><span class='ocrx_word' id='word_1_227' title='bbox 222 2465 317 2491; x_wconf 81' lang='lat' dir='ltr'>mox</span> <span class='ocrx_word' id='word_1_228' title='bbox 338 2451 587 2503; x_wconf 86' lang='lat' dir='ltr'>adquirendi</span> <span class='ocrx_word' id='word_1_229' title='bbox 609 2452 729 2490; x_wconf 89' lang='lat' dir='ltr'>docet</span> <span class='ocrx_word' id='word_1_230' title='bbox 750 2451 983 2492; x_wconf 85' lang='lat' dir='ltr'>insatiabile</span> <span class='ocrx_word' id='word_1_231' title='bbox 1003 2453 1161 2490; x_wconf 89' lang='lat' dir='ltr'>votum.</span> 
     </span>
    </p>
   </div>
   <div class='ocr_carea' id='block_1_3' title="bbox 1631 509 1680 546">
    <p class='ocr_par' dir='ltr' id='par_1_3' title="bbox 1631 509 1680 546">
     <span class='ocr_line' id='line_1_37' title="bbox 1631 509 1680 546; baseline 0.02 -1"><span class='ocrx_word' id='word_1_232' title='bbox 1631 509 1680 546; x_wconf 87' lang='grc'>95</span> 
     </span>
    </p>
   </div>
   <div class='ocr_carea' id='block_1_4' title="bbox 1604 833 1680 870">
    <p class='ocr_par' dir='ltr' id='par_1_4' title="bbox 1604 833 1680 870">
     <span class='ocr_line' id='line_1_38' title="bbox 1604 833 1680 870; baseline 0.013 -1"><span class='ocrx_word' id='word_1_233' title='bbox 1604 833 1680 870; x_wconf 91' lang='grc'>100</span> 
     </span>
    </p>
   </div>
   <div class='ocr_carea' id='block_1_5' title="bbox 1604 1156 1680 1194">
    <p class='ocr_par' dir='ltr' id='par_1_5' title="bbox 1604 1156 1680 1194">
     <span class='ocr_line' id='line_1_39' title="bbox 1604 1156 1680 1194; baseline 0 0"><span class='ocrx_word' id='word_1_234' title='bbox 1604 1156 1680 1194; x_wconf 89' lang='grc'>105</span> 
     </span>
    </p>
   </div>
   <div class='ocr_carea' id='block_1_6' title="bbox 1609 1481 1680 1519">
    <p class='ocr_par' dir='ltr' id='par_1_6' title="bbox 1609 1481 1680 1519">
     <span class='ocr_line' id='line_1_40' title="bbox 1609 1481 1680 1519; baseline 0.014 -1"><span class='ocrx_word' id='word_1_235' title='bbox 1609 1481 1680 1519; x_wconf 87' lang='grc'>110</span> 
     </span>
    </p>
   </div>
   <div class='ocr_carea' id='block_1_7' title="bbox 1603 1805 1678 1846">
    <p class='ocr_par' dir='ltr' id='par_1_7' title="bbox 1603 1805 1678 1846">
     <span class='ocr_line' id='line_1_41' title="bbox 1603 1805 1678 1846; baseline 0.013 -4"><span class='ocrx_word' id='word_1_236' title='bbox 1603 1805 1623 1842; x_wconf 92' lang='grc'><strong>1</strong></span> <span class='ocrx_word' id='word_1_237' title='bbox 1630 1806 1678 1846; x_wconf 83' lang='grc'>15</span> 
     </span>
    </p>
   </div>
   <div class='ocr_carea' id='block_1_8' title="bbox 1601 2130 1677 2168">
    <p class='ocr_par' dir='ltr' id='par_1_8' title="bbox 1601 2130 1677 2168">
     <span class='ocr_line' id='line_1_42' title="bbox 1601 2130 1677 2168; baseline 0.013 -1"><span class='ocrx_word' id='word_1_238' title='bbox 1601 2130 1677 2168; x_wconf 78' lang='lat'>120</span> 
     </span>
    </p>
   </div>
   <div class='ocr_carea' id='block_1_9' title="bbox 1600 2453 1675 2492">
    <p class='ocr_par' dir='ltr' id='par_1_9' title="bbox 1600 2453 1675 2492">
     <span class='ocr_line' id='line_1_43' title="bbox 1600 2453 1675 2492; baseline -0.027 0"><span class='ocrx_word' id='word_1_239' title='bbox 1600 2453 1675 2492; x_wconf 80' lang='lat'>125</span> 
     </span>
    </p>
   </div>
  </div>
 </body>
</html>
