1778 2693
196 150 250 190 24
428 132 458 164 J
686 151 723 179 1).
761 152 886 179 lvmr
918 152 1171 181 1vaNAL1s

195 249 235 287 in
256 249 424 288 laevum
446 263 686 297 conversus,
711 256 754 290 at
778 251 838 290 illi
861 252 1011 291 dextra
1032 252 1198 291 iacebat

195 314 329 353 belua.
392 315 450 353 sic
473 328 638 367 pugnas
661 316 804 355 Cilicis
827 316 1029 356 laudabat
1051 320 1092 356 et
1114 317 1226 356 ictus

193 384 232 417 et
257 392 409 431 pegma
430 385 472 418 et
493 392 644 431 pueros
666 379 764 420 inde
786 381 838 420 ad
864 381 1017 420 velaria
1037 384 1194 433 raptos.

193 457 277 483 non
300 444 413 483 cedit
436 445 632 492 Veiento,
657 446 729 484 sed
752 449 800 484 ut
822 446 1038 485 fanaticus
1060 450 1198 486 oestro

193 522 430 560 percussus,
459 509 646 556 Bellona,
674 517 748 550 tuo
772 511 935 550 divinat
959 515 1001 550 et
1027 511 1206 563 ‘ingens

192 587 315 613 omen
338 574 465 613 habes
483 574 493 590 '
514 574 655 630 influit
681 576 847 627 ‘magni
870 576 1056 628 clarique
1078 575 1300 627 triumphi.

192 651 332 689 regem
355 639 541 690 aliquem
563 639 715 690 capies,
740 644 815 678 aut
837 641 888 679 de
910 644 1080 679 temone
1104 640 1313 679 Britanno

192 703 359 742 excidet
376 703 622 755 Arviragus.
684 705 909 756 peregrina
930 709 993 744 est
1014 705 1153 752 belua,
1178 705 1315 745 cernis

191 774 351 807 erectas
373 768 418 806 in
440 772 559 819 terga
580 769 705 808 sudes
725 769 768 808 ?'
825 769 905 808 hoc
928 769 1069 809 defuit
1092 783 1226 808 unum

192 832 401 879 Fabricio,
427 833 609 884 patriam
631 839 679 872 ut
701 833 868 873 rhombi
890 838 1146 874 memoraret
1168 837 1210 873 et
1232 847 1379 874 annos.

195 900 205 916 ‘
219 897 425 948 quidnam
447 897 581 949 igitur
603 911 746 937 censes
767 898 783 937 P
839 899 1082 938 conciditur
1102 898 1142 938 Ρ)
1195 903 1204 919 ‘
1222 898 1333 938 absit
1354 899 1405 939 ab
1426 899 1500 940 illo

191 961 374 1001 dedecus
395 961 476 1001 hoc
491 961 501 977 ⁷
523 962 755 1002 Montanus
777 963 837 1002 ait
859 977 869 1012 3
903 967 914 984 ‘
932 966 1042 1003 testa
1064 963 1150 1002 alta
1171 967 1359 1015 paretur,

191 1039 297 1078 quae
318 1026 439 1065 tenui
461 1040 584 1066 muro
606 1027 841 1078 spatiosum
863 1028 1038 1080 colligat
1060 1029 1217 1067 orbem.

191 1091 370 1130 debetur
386 1104 565 1143 magnus
587 1092 759 1143 patinae
781 1093 1033 1144 subitusque
1057 1093 1352 1133 Prometheus.

190 1155 384 1207 argillam
405 1160 533 1208 atque
555 1160 692 1195 rotam
715 1157 842 1196 citius
864 1161 1103 1209 properate,
1129 1158 1201 1197 sed
1223 1171 1272 1197 ex
1292 1158 1373 1198 hoc

190 1224 381 1272 tempore
402 1220 500 1267 iam,
527 1220 691 1268 Caesar,
718 1222 836 1273 figuli
859 1225 934 1261 tua
955 1225 1093 1261 castra
1114 1223 1380 1274 sequantur.'

189 1285 292 1324 vicit
314 1286 444 1337 digna
465 1286 555 1325 viro
577 1287 802 1326 sententia.
865 1291 1041 1327 noverat
1062 1287 1133 1327 ille

188 1349 403 1390 luxuriam
426 1351 579 1403 inperii
602 1357 788 1391 veterem
810 1357 1041 1404 noctesque
1065 1353 1248 1392 Neronis

189 1415 272 1454 iam
294 1415 453 1455 medias
475 1416 685 1468 aliamque
707 1417 879 1464 famem,
904 1430 1001 1456 cum
1022 1417 1169 1469 pulmo
1192 1417 1372 1458 Falerno

189 1480 369 1520 arderet.
431 1480 541 1519 nulli
564 1481 697 1520 maior
718 1481 804 1520 fuit
826 1495 927 1521 usus
949 1482 1101 1521 edendi

188 1548 443 1597 tempestate
464 1559 584 1595 mea3
617 1545 774 1586 Circeis
795 1550 896 1586 nata
916 1547 1059 1586 forent
1080 1560 1134 1586 an

190 1609 426 1649 Lucrinum
448 1610 501 1649 ad
523 1624 670 1649 saxum
694 1611 970 1663 Rutupinove
993 1611 1108 1650 edita
1128 1611 1267 1651 fundo

189 1678 327 1714 ostrea
348 1675 529 1714 callebat
550 1675 687 1726 primo
710 1676 971 1727 deprendere
995 1689 1153 1723 morSU,

189 1742 231 1778 et
251 1739 379 1778 semel
401 1740 562 1791 aspecti
583 1739 688 1778 litus
711 1740 879 1779 dicebat
903 1740 1057 1779 echini.

189 1804 380 1855 surgitur
397 1807 439 1843 et
456 1804 582 1843 misso
604 1817 797 1856 proceres
823 1804 935 1844 exire
956 1805 1161 1843 iubentur

189 1868 380 1915 consilio,
407 1882 512 1921 quos
534 1869 745 1908 Albanam
769 1869 855 1908 dux
877 1882 1057 1921 magnus
1078 1868 1122 1907 in
1143 1881 1283 1909 arcem

188 1936 376 1972 traxerat
397 1934 605 1973 attonitos
627 1938 669 1973 et
690 1934 894 1973 festinare
917 1936 1084 1973 coactos

188 2001 407 2050 tamquam
429 1998 479 2037 de
503 1998 671 2038 Chattis
693 1998 856 2050 aliquid
877 1998 1093 2050 torvisque
1116 1997 1354 2050 Sycambris

189 2062 397 2109 dicturus,
418 2066 637 2115 tamquam
659 2077 709 2102 ex
731 2063 907 2103 diversis
928 2063 1121 2115 partibus
1143 2063 1255 2103 orbis

188 2127 313 2166 anxia
330 2127 554 2179 praecipiti
578 2128 763 2167 venisset
788 2128 971 2180 epistula
992 2128 1135 2180 pinna.

188 2195 317 2244 atque
339 2192 506 2231 utinam
526 2192 592 2231 his
613 2193 757 2244 potius
779 2193 904 2245 nugis
926 2196 1018 2232 tota
1040 2192 1112 2231 illa
1133 2192 1318 2232 dedisset

188 2260 381 2308 tempora
403 2256 616 2304 saevitiae,
644 2257 776 2296 claras
799 2258 953 2309 quibus
976 2257 1155 2297 abstulit
1177 2256 1272 2296 urbi

188 2321 474 2373 inlustresque
495 2321 656 2360 animas
677 2323 852 2374 impune
873 2326 915 2362 et
938 2322 1103 2361 vindice
1124 2321 1257 2361 nullo.

189 2386 261 2426 sed
281 2386 408 2438 periit
429 2390 656 2439 postquam
679 2387 932 2427 cerdonibus
954 2401 1041 2427 esse
1063 2387 1279 2426 timendus

189 2453 396 2503 coeperat.
455 2449 536 2490 hoo
557 2450 705 2490 nocuit
727 2450 973 2491 Lamiarum
995 2451 1120 2491 caede
1142 2451 1344 2492 madenti.

1576 256 1654 295 120

1575 579 1652 618 125

1577 902 1653 940 130

1573 1226 1648 1263 135

1572 1550 1649 1590 140

1571 1872 1647 1911 145

1569 2196 1647 2234 150
