1778 2693
186 147 238 177 22
673 149 713 177 D.
750 149 876 178 IVNII
907 148 1159 179 IVVENALIS

185 259 271 287 non
293 247 532 287 dubitaturi
556 249 790 301 fugitivum
812 248 951 288 dicere
972 249 1133 301 piscem

185 311 494 365 depastumque
517 313 589 352 diu
612 313 771 352 vivaria
795 313 997 361 Caesaris,
1023 314 1122 354 inde

185 377 374 428 elapsum
396 385 581 416 veterem
604 378 656 416 ad
678 378 898 417 dominum
922 378 1073 418 debere
1093 379 1263 419 reverti.

185 449 216 486 si
241 447 342 499 quid
366 447 570 494 Palfurio,
597 447 630 486 si
653 448 865 487 credimus
889 449 1129 497 Armillato,

185 512 394 563 quidquid
416 513 696 564 conspicuum
718 513 1034 565 pulchrumque
1056 516 1119 553 est
1140 527 1321 566 aequore
1342 517 1450 563 toto,

183 589 248 615 res
270 577 356 615 fisci
380 580 456 625 est,
482 577 741 629 ubicumque
763 581 897 617 natat.
960 579 1191 617 donabitur
1212 591 1326 631 ergo,

184 654 236 680 ne
257 645 412 693 pereat.
471 642 554 681 iam
576 642 745 682 letifero
769 643 947 684 cedente
968 643 1133 695 pruinis

183 708 405 753 autumno,
430 706 513 745 iam
536 712 790 758 quartanam
813 707 1084 759 sperantibus
1105 708 1241 759 aegris

184 761 391 809 strideb'at
413 771 615 810 deformis
638 771 773 811 hiems
795 773 1081 824 praedamque
1105 776 1320 812 recentem

183 835 390 875 servabat.
453 839 595 875 tamen
617 836 687 876 hic
709 841 924 889 properat,
949 837 1068 877 velut
1090 840 1271 889 urgueat
1288 839 1443 877 auster.

183 903 316 951 utque
337 900 453 939 lacus
475 902 692 949 suberant,
720 902 790 941 ubi
815 916 1073 954 quamquam
1096 903 1240 942 diruta
1262 904 1401 942 servat

183 964 325 1015 ignem
347 965 579 1004 Troianum
603 970 644 1005 et
666 967 842 1006 Vestam
865 967 967 1006 colit
988 968 1098 1007 Alba
1120 967 1343 1015 minorem,

183 1029 351 1068 obstitit
372 1030 553 1069 intranti
576 1031 770 1070 miratrix
793 1032 919 1071 turba
941 1045 1181 1084 parumper.

183 1102 230 1132 ut
253 1094 391 1141 cessit,
415 1095 531 1134 facili
554 1099 790 1147 patuerunt
812 1097 983 1135 cardine
1006 1097 1150 1136 valvae
1173 1110 1183 1145 ;

182 1159 341 1198 exclusi
363 1164 560 1211 spectant
581 1161 764 1199 admissa
787 1161 961 1200 obsonia
982 1167 1136 1213 patres.

182 1223 269 1262 itur
290 1224 342 1263 ad
364 1224 558 1265 Atriden.
617 1228 711 1264 tum
735 1226 884 1265 Picens
910 1230 920 1246 ‘
942 1226 1085 1277 accipe
1100 1226 1110 1242 ³
1131 1226 1241 1265 dixit

183 1292 191 1308 ‘
209 1288 384 1340 privatis
407 1289 565 1328 maiora
586 1290 705 1329 focis.
769 1290 947 1341 genialis
969 1294 1121 1341 agatur

182 1353 260 1392 iste
283 1353 385 1401 dies,
410 1367 589 1405 propera
611 1355 880 1394 stomachum
902 1355 1042 1394 laxare
1065 1356 1212 1407 sagina

182 1421 223 1456 et
245 1421 320 1456 tua
341 1422 555 1457 servatum
577 1432 778 1458 consume
800 1419 842 1458 in
865 1420 1031 1459 saccula
1049 1421 1288 1460 rhombum.

182 1482 270 1534 ipse
292 1483 384 1535 capi
407 1484 575 1523 voluit.’
632 1484 735 1536 quid
757 1485 945 1536 apertius
968 1485 985 1524 Ρ
1043 1489 1084 1524 et
1107 1489 1249 1524 tamen
1272 1485 1333 1525 illi

181 1549 412 1599 surgebant
435 1549 586 1588 cristae
608 1564 617 1598 3
648 1549 757 1588 nihil
780 1552 843 1588 est
865 1550 978 1601 quod
1001 1550 1170 1590 credere
1192 1550 1244 1589 de
1265 1563 1308 1590 se

181 1625 266 1651 non
286 1613 419 1664 possit
441 1627 538 1652 cum
560 1614 763 1653 laudatur
785 1613 848 1653 dis
869 1628 1003 1666 aequa
1024 1618 1225 1667 potestas.

179 1677 251 1716 sed
273 1678 393 1717 derat
414 1678 519 1730 pisci
540 1678 712 1730 patinae
735 1692 945 1718 mensura,
1007 1684 1215 1719 vocantur

180 1755 279 1794 ergo
300 1742 344 1781 in
366 1743 591 1782 consilium
614 1757 821 1795 proceres,
848 1758 952 1796 quos
974 1745 1121 1784 oderat
1142 1745 1228 1792 ille,

179 1806 223 1846 in
245 1821 426 1859 quorum
448 1808 556 1847 facie
578 1808 754 1847 miserae
777 1822 1040 1861 magnaeque
1062 1809 1236 1849 sedebat

179 1872 314 1924 pallor
334 1872 559 1912 amicitiae.
622 1873 786 1925 primus
809 1873 1020 1913 clamante
1042 1873 1236 1913 Liburno

182 1940 191 1957 ‘
210 1937 382 1985 currite,
408 1937 490 1977 iam
512 1937 621 1977 sedit
635 1937 646 1954 '
665 1942 789 1990 rapta
808 1939 1062 1990 properabat
1083 1938 1221 1977 abolla

182 2001 378 2053 Pegasus,
403 2002 611 2041 attonitae
633 2002 798 2054 positus
820 2002 945 2042 modo
967 2002 1118 2042 vilicus
1139 2003 1235 2042 urbi

179 2078 287 2104 anne
308 2066 425 2105 aliud
447 2070 541 2106 tum
562 2068 768 2119 praefecti
790 2066 806 2107 ?
863 2081 1045 2119 quorum
1068 2067 1256 2120 optimus
1276 2071 1405 2121 atque

180 2130 387 2182 interpres
402 2128 552 2182 ‘legum
576 2132 867 2171 sanctissimus
891 2135 1032 2171 omnia
1054 2145 1311 2185 quamquam

180 2196 442 2246 temporibus
464 2196 566 2235 diris
592 2197 813 2236 tractanda
838 2197 1017 2249 putabat
1038 2196 1190 2236 inermi

179 2259 356 2298 iustitia,
419 2260 536 2299 venit
559 2269 600 2299 et
624 2260 761 2313 Crispi
784 2262 973 2301 iucunda
995 2264 1205 2309 senectus,

179 2323 300 2363 cuius
321 2328 442 2363 erant
464 2338 599 2364 mores
622 2326 757 2377 qualis
779 2325 995 2372 facundia,
1023 2325 1126 2365 mite

179 2388 413 2439 ingenium,
475 2402 607 2429 marla
628 2403 675 2429 ac
697 2398 831 2430 terras
852 2391 1117 2443 populosque
1138 2390 1304 2442 regenti

179 2465 273 2505 quis
293 2466 433 2493 comes
455 2453 676 2502 utiliorssi
698 2454 817 2495 clade
839 2464 880 2495 et
902 2458 1020 2506 peste
1041 2455 1119 2494 sub
1141 2454 1213 2495 illa

1588 252 1640 290 50

1589 583 1638 620 55

1589 905 1640 943 60

1588 1229 1638 1267 65

1588 1552 1638 1592 70

1585 1875 1635 1915 75

1584 2199 1635 2237 80
