1778 2693
167 122 193 160 4
650 116 691 144 D.
728 115 856 145 IVNII
887 115 1142 144 IVVENALIS

169 215 390 266 armigero.
453 215 687 268 simplexne
708 216 829 255 furor
850 216 1045 255 sestertia
1065 219 1239 256 centum

170 280 344 332 perdere
367 286 407 319 et
429 280 621 319 horrenti
644 281 835 320 tunicam
857 294 942 320 11011
965 281 1140 320 reddere
1163 295 1281 321 servo
1301 281 1319 321 Ρ

170 346 263 397 quis
286 345 466 384 totidem
489 346 621 384 erexit
644 346 778 393 villas,
804 346 897 397 quis
918 346 1083 385 fercula
1104 349 1266 398 septem

170 414 331 450 secreto
355 410 522 449 cenavit
544 424 646 449 avus
667 410 683 449 Ρ
738 424 853 450 1111110
874 411 1066 462 sportula
1086 411 1225 463 primo

170 476 316 515 limine
338 489 467 528 parva
489 476 607 515 sedet
628 476 778 515 turbae
800 476 1003 527 rapienda
1023 479 1207 528 togatae.

171 541 240 580 ille
263 547 404 579 tamen
428 541 581 579 faciem
603 540 721 592 prius
742 540 916 592 inspicit
938 544 980 580 et
1002 541 1189 593 trepidat
1209 553 1262 580 ne

171 605 416 657 suppositus
440 605 581 644 venias
603 618 648 645 ac
670 605 778 644 falso
800 605 972 644 nomine
993 618 1140 657 poscas
1159 619 1167 644 :

170 670 342 722 agnitus
364 670 557 722 accipies.
620 670 739 709 iubet
761 683 784 709 a
804 683 1011 722 praecone
1033 670 1173 710 vocari

171 735 282 787 ipsos
305 735 584 786 Troiugenas,
609 748 707 773 nam
729 738 885 774 vexant
905 735 1037 774 limen
1059 738 1101 774 et
1122 735 1202 787 ipsi

171 800 406 839 nobiscum.
473 803 483 820 ‘
499 800 551 838 da
572 799 773 851 praetori,
799 800 851 838 da
873 799 1026 838 deinde
1048 799 1254 839 tribuno.'

172 865 243 904 sed
263 864 490 903 libertinus
512 864 628 916 prior
650 869 726 903 est.
792 868 802 884 ‘
817 864 933 916 prior
947 864 957 880 ³
979 864 1121 916 inquit
1146 868 1245 916 ‘ego
1266 864 1430 903 adsum.

172 943 247 969 0111·
268 930 441 969 timeam
464 929 710 968 dubitemve
733 930 875 969 locum
897 929 1142 977 defendere,
1167 928 1359 981 quamvis

172 998 298 1033 natus
319 995 372 1033 ad
395 994 663 1046 Euphraten,
688 994 836 1033 molles
857 995 972 1046 quod
994 994 1037 1033 in
1059 1007 1160 1033 aure
1180 994 1391 1033 fenestrae

171 1059 405 1111 arguerint,
430 1059 532 1098 licet
554 1058 642 1110 ipse
663 1072 814 1110 negem
835 1059 852 1098 P
908 1059 981 1098 sed
1002 1059 1191 1111 quinque
1212 1059 1412 1098 tabernae

172 1124 487 1176 quadringenta
508 1127 674 1175 parant.
737 1124 841 1175 quid
862 1124 1030 1163 confert
1051 1137 1241 1175 purpura
1262 1122 1395 1162 maior

172 1189 424 1240 optandum,
451 1188 483 1227 si
507 1188 713 1227 Laurenti
735 1188 925 1227 custodit
947 1188 989 1227 in
1011 1201 1112 1240 agro

173 1254 406 1292 conductas
430 1253 638 1292 Corvinus
661 1266 771 1300 oves,
796 1265 873 1304 ego
894 1253 1088 1304 possideo
1109 1253 1205 1304 plus

174 1318 367 1357 Pallante
389 1321 431 1357 et
453 1317 613 1357 Licinis
636 1317 678 1356 1³³
735 1321 962 1369 expectent
984 1330 1083 1369 ergo
1107 1317 1283 1365 tribuni,

173 1382 347 1421 vincant
369 1382 558 1429 divitiae,
584 1395 701 1421 sacro
722 1395 774 1421 ne
797 1382 920 1421 cedat
941 1382 1091 1437 honori

172 1440 309 1498 nuper
329 1447 373 1485 111
394 1447 504 1486 hanc
527 1447 674 1486 urbem
695 1447 875 1498 pedibus
897 1447 969 1499 qui
991 1451 1164 1486 venerat
1185 1447 1304 1494 albis,

173 1511 520 1563 quandoquidem
538 1511 650 1550 inter
666 1525 742 1551 1103
764 1511 1031 1551 sanctissima
1052 1511 1300 1550 divitiarum

173 1576 383 1622 maiestas,
409 1576 488 1615 etsi
510 1576 683 1615 funesta
704 1576 886 1628 pecunia
906 1577 1067 1628 templo

172 1641 365 1680 nondum
386 1640 567 1688 habitat,
593 1641 732 1680 nullas
753 1654 1028 1681 nummorum
1050 1641 1261 1680 ereximus
1282 1653 1387 1688 aras,

173 1709 221 1744 ut
243 1706 399 1745 colitur
421 1706 508 1744 Pax
529 1709 658 1757 atque
680 1705 806 1745 Fides
828 1706 1021 1745 Victoria
1042 1706 1193 1745 Virtus

173 1783 364 1822 quaeque
388 1770 574 1810 salutato
597 1770 780 1822 crepitat
805 1770 1042 1810 Concordia
1062 1771 1177 1810 nido.

173 1835 244 1874 sed
267 1848 362 1874 cum
381 1848 572 1874 summus
594 1834 730 1874 honor
752 1835 873 1874 finito
891 1838 1099 1887 conputet
1121 1848 1247 1883 anno,

173 1900 363 1951 sportula
384 1899 488 1951 quid
508 1899 680 1947 referat,
707 1902 918 1952 quantum
940 1900 1178 1940 rationibus
1199 1900 1342 1948 addat,

173 1964 275 2015 quid
296 1964 456 2003 facient
478 1964 654 2003 comites
676 1964 830 2016 quibus
851 1964 951 2004 hinc
973 1967 1088 2017 toga,
1113 1965 1278 2004 calceus
1298 1964 1399 2004 hinc
1420 1966 1484 2004 est

173 2032 213 2067 et
235 2029 355 2080 panis
377 2029 608 2081 fumusque
630 2029 743 2068 domi
765 2029 782 2068 Ρ
839 2029 1089 2069 densissima
1105 2032 1278 2069 centum

173 2093 430 2145 quadrantes
450 2093 603 2133 lectica
624 2094 748 2146 petit,
774 2094 1052 2146 sequiturque
1075 2094 1278 2133 maritum

172 2157 375 2209 languida
396 2158 461 2196 vel
478 2171 685 2210 praegnas
707 2162 748 2197 et
770 2158 1109 2198 circumducitur
1131 2171 1249 2198 uxor.

172 2222 240 2261 hic
262 2222 371 2274 petit
394 2223 558 2261 absenti
582 2223 787 2262 notaiam
811 2223 990 2262 callidus
1013 2226 1103 2262 arte

172 2287 399 2326 ostendens
423 2300 598 2326 vacuam
621 2291 662 2326 et
684 2288 870 2327 clausam
892 2301 968 2340 pro
991 2287 1172 2339 coniuge
1194 2287 1353 2326 sellam.

175 2354 186 2371 ‘
204 2350 325 2390 Galla
346 2364 438 2390 mea
460 2354 522 2390 est
539 2351 550 2367 ³
571 2351 713 2403 inquit
738 2352 888 2392 ‘citius
911 2352 1092 2391 dimitte.
1156 2351 1332 2390 moraris
1355 2351 1373 2394 ἓ

170 2415 328 2467 profer,
356 2415 490 2464 Galla,
515 2419 657 2468 caput.
718 2416 805 2457 noli
827 2429 992 2465 vexare,
1017 2415 1238 2469 quiescet.’

1576 412 1626 450 95

1549 736 1627 774 100

1550 1060 1625 1098 105

1549 1381 1627 1419 110

1549 1707 1626 1745 115

1549 2030 1626 2069 120

1549 2351 1625 2391 125
