1778 2693
689 116 866 145 SATVRA
896 116 954 144 111
1504 121 1553 163 ¹9

88 218 196 254 testa
215 215 332 264 ferit,
357 215 556 268 quotiens
578 216 733 256 rimosa
755 220 797 256 et
819 220 942 256 curta
962 217 1164 258 fenestris
1473 219 1552 261 270

86 292 183 320 vasa
203 280 373 328 cadant,
400 285 564 333 quanto
586 294 836 333 percussum
858 282 1048 334 pondere
1070 282 1244 335 signent

85 348 127 384 et
146 345 320 384 laedant
350 345 525 385 silicem.
588 346 721 398 possis
743 346 923 399 ignavus
944 347 1092 387 haberi

84 412 128 449 et
148 410 279 450 subiti
301 423 423 450 casus
445 410 724 463 improvidus,
750 412 804 451 ad
825 424 974 452 cenam
996 412 1028 452 si

84 474 315 515 intestatus
336 488 404 516 eas
424 490 432 515 ε
463 476 568 515 adeo
594 480 659 515 tot
682 476 786 524 fata,
812 481 917 530 quot
938 477 1012 517 illa

83 542 210 580 nocte
229 543 381 592 patent
402 541 550 593 vigiles
572 546 614 581 te
635 545 936 593 praetereunte
956 543 1184 584 fenestrae.
1469 547 1548 587 275

83 617 184 657 ergo
205 609 325 658 optes
346 609 581 658 votumque
603 606 715 646 feras
737 607 976 648 miserabile
998 611 1157 657 tecum,

83 673 132 709 ut
153 670 239 710 sint
255 675 483 711 contentae
507 672 675 724 patulas
698 672 936 713 defundere
958 673 1112 726 pelves.

82 735 223 775 ebrius
244 749 291 775 ac
312 736 512 788 petulans
529 736 602 789 qui
624 737 793 776 nullum
816 738 928 778 forte
951 738 1121 786 cecidit,

81 799 156 839 dat
175 813 348 852 poenas,
372 808 543 841 noctem
566 802 732 854 patitur
752 802 942 854 lugentis
963 803 1150 843 amicum

83 864 268 913 Pelidae,
293 866 422 905 cubat
446 866 489 906 in
511 867 680 914 faciem,
707 880 804 907 mox
826 868 980 907 deinde
1003 869 1194 920 supinus.
1467 872 1545 910 280

79 943 178 982 ergo
199 943 286 970 non
307 931 431 970 aliter
451 931 611 983 poterit
633 932 819 972 dormire
842 946 852 982 3
884 933 1142 985 quibusdam

78 1008 277 1035 somnum
297 996 388 1036 rixa
409 996 527 1036 facit.
590 997 662 1037 sed
686 998 881 1050 quamvis
902 998 1124 1050 improbus
1147 998 1272 1039 annis

77 1063 206 1113 atque
228 1074 343 1101 mero
364 1062 533 1101 fervens
555 1066 677 1102 cavet
699 1062 828 1110 hunc,
855 1076 983 1116 quem
1005 1063 1179 1104 coccina
1200 1064 1327 1104 laena

77 1125 203 1165 vitari
225 1126 345 1166 iubet
367 1130 409 1166 et
431 1127 640 1166 comitum
660 1128 938 1180 longissimus
961 1129 1080 1177 ordo,

77 1190 265 1230 multum
286 1195 506 1244 praeterea
528 1192 796 1232 flammarum
818 1197 860 1233 et
881 1206 1011 1233 aenea
1027 1193 1203 1246 lampas.
1279 1200 1285 1204 '
1464 1197 1540 1236 285

76 1269 157 1304 me,
182 1269 310 1308 quem
331 1257 433 1296 luna
455 1257 562 1297 solet
585 1257 796 1298 deducere
818 1258 884 1298 vel
905 1259 1031 1298 breve
1052 1259 1201 1299 lumen

76 1321 277 1361 candelae
299 1322 421 1362 cuius
442 1322 641 1375 dispenso
663 1327 706 1362 et
722 1327 915 1376 tempero
937 1323 1073 1372 filum,

75 1386 328 1426 contemnit.
391 1387 568 1427 miserae
591 1401 798 1440 cognosce
819 1388 1068 1440 prohoemia
1088 1389 1217 1436 rixae,

75 1451 109 1491 si
129 1451 219 1491 rixa
240 1455 303 1491 est
326 1451 398 1491 ubi
421 1455 470 1491 tu
492 1452 650 1504 pulsas,
677 1466 754 1505 ego
776 1453 933 1506 vapulo
954 1456 1140 1493 tantum.

75 1519 162 1556 stat
183 1519 332 1557 contra
353 1517 541 1569 starique
564 1517 697 1565 iubet,
722 1531 869 1570 parere
890 1531 1060 1558 necesse
1082 1522 1145 1558 est
1163 1532 1174 1568 3
1463 1523 1541 1560 290

75 1594 174 1621 nam
192 1581 296 1634 quid
317 1595 429 1634 agas,
454 1595 552 1622 cum
575 1586 617 1622 te
638 1583 827 1623 furiosus
849 1588 974 1636 cogat
996 1587 1037 1623 et
1059 1583 1174 1623 idem

75 1646 230 1686 fortior
252 1646 269 1686 Ρ
302 1650 331 1667 “
350 1647 463 1686 unde
486 1647 603 1687 venis
627 1647 685 1687 :²³²
715 1648 926 1688 exclamat
951 1652 980 1669 ‘⁸'
996 1648 1118 1688 cuius
1145 1651 1283 1697 aceto,

76 1711 198 1751 cuius
219 1711 380 1751 conche
402 1715 542 1751 tumes
560 1712 577 1752 Ρ
634 1713 729 1765 quis
751 1716 896 1753 tecum
918 1713 1064 1753 sectile
1086 1726 1262 1766 porrum

76 1779 197 1816 sutor
217 1780 260 1816 et
281 1776 380 1816 elixi
402 1777 588 1817 vervecis
609 1777 728 1817 labra
749 1778 936 1818 comedit
959 1778 976 1819 ?

75 1841 137 1880 nil
159 1841 265 1880 mihi
286 1842 516 1894 respondes
539 1842 556 1882 Ρ
613 1848 688 1882 aut
710 1843 778 1883 dic
801 1848 876 1883 aut
898 1843 1043 1896 accipe
1065 1843 1238 1883 calcem.
1461 1848 1538 1887 295

76 1907 153 1946 ede
175 1906 247 1946 ubi
269 1907 490 1955 consistas,
514 1907 559 1947 in
581 1921 665 1960 qua
686 1911 728 1947 te
750 1921 907 1961 quaero
929 1908 1166 1961 proseucha
1185 1908 1202 1948 Ρ
1218 1908 1243 1925 ”

76 1971 216 2017 dicere
237 1972 271 2012 si
293 1976 477 2025 temptes
498 1973 661 2026 aliquid
684 1974 896 2014 tacitusve
916 1974 1103 2021 recedas,

76 2038 347 2078 tantumdem
369 2042 432 2078 est
455 2052 462 2078 :
494 2039 658 2079 feriunt
680 2040 854 2092 pariter,
879 2038 1122 2079 vadimonia
1143 2038 1297 2079 deinde

76 2102 173 2142 irati
194 2103 376 2157 faciunt.
436 2103 612 2144 libertas
633 2105 832 2157 pauperis
853 2105 956 2144 haec
979 2110 1042 2144 est
1062 2118 1070 2143 :

75 2167 270 2219 pulsatus
291 2171 414 2221 rogat
435 2173 478 2208 et
499 2170 656 2221 pugnis
677 2170 873 2210 concisus
895 2171 1045 2210 adorat
1460 2175 1537 2213 300

77 2234 125 2272 ut
145 2232 271 2272 liceat
292 2233 440 2286 paucis
462 2247 560 2274 cum
582 2235 786 2275 dentibus
809 2235 908 2275 inde
930 2237 1099 2276 reverti.

74 2309 153 2337 nec
174 2300 318 2338 tamen
339 2298 443 2339 haec
464 2302 638 2339 tantum
660 2305 838 2342 metuas.
898 2314 996 2340 nam
1018 2302 1091 2354 qui
1114 2303 1269 2355 spoliet
1290 2309 1332 2344 te

31 2358 57 2380 s
74 2374 161 2402 non
182 2362 294 2402 derit
314 2362 470 2404 clausis
496 2364 709 2413 domibus,
735 2369 966 2418 postquam
988 2367 1126 2407 omnis
1147 2367 1308 2421 ubique

74 2425 157 2465 fixa
177 2428 399 2466 catenatae
419 2426 540 2467 siluit
561 2440 768 2481 compago
790 2429 1008 2469 tabernae.
