1778 2693
710 127 884 156 SATvnA
918 127 986 155 VII
1532 125 1579 168 55

116 231 336 283 empturus
356 241 507 282 pueros
526 231 750 280 argentum
772 227 963 268 murrina
986 228 1121 276 villas3

115 294 294 348 spondet
313 293 427 334 enim
449 293 576 344 Tyrio
597 293 805 333 stlattaria
825 306 1015 345 purpura
1037 293 1122 333 filo.

115 363 158 400 et
178 363 315 399 tamen
339 361 400 398 est
422 358 504 397 illis
526 358 602 398 hoc
625 358 743 398 utile.
805 372 995 411 purpura
1017 358 1161 398 vendit
1507 359 1580 395 135

115 425 389 472 causidicum,
415 424 608 463 vendunt
628 424 930 476 amethystina3
962 423 1158 463 convenit
1181 422 1241 462 illi

115 493 157 531 et
177 490 353 542 strepitu
378 492 421 529 et
441 489 547 529 facie
567 489 736 529 maioris
757 489 895 529 vivere
917 502 1080 537 census,

115 556 185 596 sed
207 556 333 595 finem
355 555 554 607 inpensae
575 568 659 594 non
682 558 817 594 servat
838 555 1013 606 prodiga
1034 554 1180 594 Roma.

114 621 285 661 fidimus
305 620 504 672 eloquio?
563 619 753 660 Ciceroni
776 633 899 659 nemo
921 620 1125 659 ducentos

114 699 229 726 nunc
249 685 413 725 dederit
434 698 642 733 nummos,
669 685 747 724 nisi
770 684 939 724 fulserit
960 685 1113 724 anulus
1134 684 1298 735 ingens.
1506 685 1580 722 140

115 751 286 804 respicit
305 750 406 790 haec
427 751 614 803 primum
636 751 708 803 qui
730 751 886 802 litigat,
910 764 963 790 an
985 749 1063 789 tibi
1084 749 1191 789 servi

114 820 222 864 octo,
245 816 390 856 decem
412 816 598 864 comites,
623 829 675 855 an
697 819 791 868 post
815 820 853 855 te
876 815 989 863 sella,
1014 815 1147 866 togati

114 884 212 922 ante
233 882 374 934 pedes.
434 881 527 920 ideo
548 881 759 921 conducta
781 881 937 920 Paulus
958 881 1108 932 agebat

114 945 385 997 sardonyche,
410 948 536 998 atque
557 945 650 985 ideo
670 945 804 997 pluris
826 958 952 997 quam
975 945 1121 984 Gallus
1141 944 1303 996 agebat,
1328 942 1329 945 ’

115 1024 243 1063 quam
264 1010 441 1050 Basilus.
501 1023 594 1050 rara
614 1010 657 1049 in
681 1010 799 1050 tenui
819 1010 1021 1049 facundia
1041 1022 1194 1062 panno.
1506 1011 1580 1048 145

116 1075 284 1127 quando
304 1075 403 1115 licet
426 1075 565 1115 Basilo
585 1075 756 1115 flentem
778 1075 1009 1128 producere
1031 1078 1209 1114 matrem
1223 1075 1242 1113 Ῥ

116 1139 209 1192 quis
228 1140 333 1180 bene
353 1139 566 1180 dicentem
589 1140 776 1179 Basilum
796 1140 937 1179 ferat?
993 1139 1173 1191 accipiat
1196 1142 1234 1179 te

117 1205 253 1245 Gallia
273 1205 337 1245 vel
358 1205 499 1258 potius
518 1205 735 1245 nutricula
755 1204 1060 1244 causidicorum

115 1270 275 1318 Africa,
299 1270 333 1309 si
353 1270 514 1322 placuit
536 1271 767 1310 mercedem
789 1283 943 1322 ponerc
964 1270 1146 1321 linguae.

169 1335 402 1375 declamare
423 1336 544 1375 doces
558 1337 576 1374 ἱ)
634 1349 657 1375 o
677 1336 813 1375 ferrea
832 1339 1002 1388 pectora
1023 1335 1156 1383 Vetti,
1505 1337 1582 1374 150

116 1413 213 1441 cum
234 1400 405 1453 perimit
427 1414 567 1440 saevos
587 1401 726 1440 classis
747 1414 968 1440 numerosa
989 1404 1201 1452 tyrannos

117 1479 215 1506 nam
237 1479 524 1518 quaecumque
546 1466 692 1506 sedens
712 1466 836 1505 modo
858 1466 1027 1517 legerat,
1053 1465 1153 1505 haec
1173 1465 1317 1505 eadem
1339 1468 1452 1505 stans

116 1531 301 1584 perferet
321 1535 446 1584 atque
466 1532 612 1571 eadem
633 1531 821 1571 cantabit
842 1531 1027 1571 versibus
1048 1530 1200 1580 isdem3

117 1596 271 1636 occidit
292 1596 462 1637 miseros
483 1597 648 1637 crambe
669 1596 849 1649 repetita
869 1596 1104 1648 magistros.

117 1662 212 1714 quis
231 1662 342 1702 color
363 1666 405 1702 et
426 1663 538 1714 quod
561 1662 614 1702 sit
634 1676 780 1702 causae
800 1676 934 1714 genus
953 1664 1081 1714 atque
1104 1661 1173 1701 ubi
1195 1675 1359 1702 summa
1505 1665 1580 1702 155

117 1727 318 1779 quaestio,
344 1740 450 1779 quae
471 1727 642 1767 veniant
662 1727 849 1767 diversae
869 1728 980 1779 forte
1000 1727 1192 1779 sagittae,

115 1804 234 1832 nosse
255 1792 406 1832 volunt
425 1806 582 1840 omnes,
607 1787 841 1832 mercedem
864 1792 1020 1832 solvere
1043 1805 1178 1832 nemo.

119 1857 130 1874 ‘
146 1857 379 1897 mercedem
401 1857 587 1910 appellas
601 1859 619 1896 ⁴?
677 1857 780 1909 quid
801 1857 914 1897 enim
936 1857 1021 1897 scio
1035 1858 1053 1895 ?
1070 1857 1079 1874 '
1142 1857 1152 1874 ‘
1168 1857 1293 1910 culpa
1313 1857 1502 1898 docentis

116 1921 273 1962 scilicet
293 1922 501 1975 arguitur,
527 1923 640 1975 quod
660 1923 798 1962 laevae
819 1925 938 1975 parte
958 1922 1170 1962 mamillae

117 1986 177 2026 nil
198 1987 294 2026 salit
315 1987 520 2027 Arcadico
540 1987 698 2035 iuveni,
723 1988 843 2027 cuius
864 1987 969 2026 mihi
991 1990 1106 2027 sexta
1505 1990 1582 2028 160

117 2064 282 2104 quaque
302 2051 370 2092 die
392 2052 592 2092 miserum
613 2053 730 2092 dirus
751 2056 879 2105 caput
902 2052 1115 2092 Hannibal
1139 2052 1288 2105 inplet,

117 2116 325 2169 quidquid
347 2116 390 2157 id
411 2122 474 2157 est
494 2118 545 2157 de
568 2131 650 2170 quo
671 2118 890 2165 deliberat,
914 2131 967 2157 an
988 2121 1106 2170 petat
1126 2117 1272 2157 urbem

115 2195 140 2222 a
161 2181 332 2230 Cannis,
355 2196 408 2223 an
431 2186 524 2236 post
544 2184 709 2223 nimbos
729 2186 770 2223 et
791 2183 976 2222 fulmina
995 2185 1144 2223 cautus

116 2246 375 2299 circumagat
395 2248 585 2288 madidas
605 2262 628 2288 a
650 2251 898 2300 tempestate
919 2248 1126 2288 cohortes.

117 2315 324 2364 quantum
347 2313 409 2353 vis
429 2313 631 2366 stipulare
651 2318 693 2354 et
714 2313 909 2366 protinus
929 2313 1083 2365 accipe,
1109 2313 1210 2365 quid
1233 2314 1301 2362 do,
1505 2316 1581 2355 165

116 2380 166 2416 ut
185 2377 340 2418 totiens
360 2377 481 2417 illum
505 2382 624 2431 pater
644 2379 823 2419 audiat?
840 2379 849 2395 ³
908 2378 1010 2418 haec
1030 2378 1101 2418 alii
1122 2391 1191 2418 sex

119 2442 179 2482 vel
200 2442 342 2496 plures
363 2456 448 2484 uno
468 2444 734 2484 conclamant
754 2457 822 2484 ore
843 2443 1054 2496 sophistae
