1778 2693
733 109 911 139 SATvuA
943 109 1025 137 XIV
1536 106 1609 148 105

147 213 268 253 dirue
289 211 535 252 Maurorum
556 212 747 264 attegias,
771 211 941 251 castella
963 210 1232 262 Brigantum,

147 282 197 317 ut
216 278 467 330 locupletem
488 277 672 329 aquilam
695 277 770 316 tibi
794 275 1074 328 sexagesimus
1095 288 1231 315 annus

147 344 323 383 adferat.
384 346 458 382 aut
478 342 624 394 longos
645 346 877 382 castrorum
900 342 1008 381 ferre
1029 341 1188 380 labores

147 409 178 448 si
201 409 316 461 piget
337 411 379 448 et
400 408 613 460 trepidum
635 408 805 447 solvunt
826 407 901 446 tibi
924 419 1082 446 cornua
1102 407 1291 445 ventrem

147 487 242 513 cum
265 474 382 513 lituis
402 473 560 520 audita,
584 486 703 525 pares
725 473 833 525 quod
858 472 1036 511 vendere
1057 470 1189 523 possis
1536 474 1614 511 200

147 538 280 591 pluris
300 539 492 586 dimidio,
517 551 592 577 nec
614 542 655 577 te
675 537 848 577 fastidia
868 537 1019 576 mercis

148 604 276 643 ullius
296 604 473 643 subeant
492 604 746 655 ablegandae
768 602 956 641 Tiberim
978 602 1104 649 ultra,

146 682 228 709 neu
250 670 392 709 credas
413 669 657 721 ponendum
679 668 841 720 aliquid
863 667 1119 707 discriminis
1142 667 1252 706 inter

147 737 365 786 unguenta
385 738 428 773 et
447 734 628 783 corium3
660 734 767 772 lucri
790 734 923 773 bonus
944 736 1005 772 est
1026 732 1128 772 odor
1148 744 1197 770 ex
1220 744 1262 771 re

147 800 347 852 qualibet.
410 800 481 839 illa
503 803 576 839 tuo
597 799 807 839 sententia
827 811 990 850 semper
1012 798 1055 837 in
1077 811 1146 837 ore
1537 800 1614 838 205

146 868 334 905 versetur
354 865 418 904 dis
437 868 564 916 atque
585 864 673 916 ipso
695 864 791 903 Iove
812 864 943 915 digna
964 865 1103 915 poeta:

149 929 177 948 ‘⁶
194 930 307 970 unde
327 930 478 969 habeas
499 929 662 981 quaerit
683 942 820 976 nemo,
845 929 915 968 sed
937 930 1103 980 oportet
1124 927 1328 967 habere.''

145 995 225 1036 hoc
245 999 484 1035 monstrant
503 994 669 1034 vetulae
691 994 832 1046 pueris
854 993 1100 1046 repentibus
1121 1006 1247 1040 assae,

145 1061 224 1101 hoc
245 1061 416 1101 discunt
436 1073 580 1099 omnes
599 1063 697 1099 ante
717 1060 844 1112 alpha
864 1062 905 1099 et
927 1059 1023 1098 beta
1044 1057 1244 1110 puellae.’

146 1127 303 1166 talibus
323 1126 552 1165 instantem
574 1125 746 1165 monitis
768 1137 1080 1177 quemcumque
1102 1125 1319 1175 parentem
1539 1126 1616 1164 210

146 1192 204 1232 sic
224 1205 386 1244 possem
407 1191 563 1231 adfari:
589 1191 598 1208 ‘
614 1191 695 1238 dic,
721 1204 744 1230 o
766 1190 1003 1237 vanissime,
1029 1189 1123 1241 quis
1143 1191 1184 1228 te

146 1258 345 1298 festinare
366 1257 482 1296 iubet
497 1258 515 1295 ⁴?
571 1256 787 1296 meliorem
809 1258 974 1308 praesto
996 1255 1199 1307 magistro

146 1323 420 1376 discipulum.
481 1335 650 1362 securus
670 1321 758 1361 abi:
790 1321 970 1361 vinceris
992 1323 1041 1360 ut
1062 1320 1169 1360 Aiax

146 1388 365 1442 praeteriit
386 1388 673 1434 Telamonem,
698 1390 747 1426 ut
768 1387 891 1427 Pelea
911 1386 1014 1426 vicit
1035 1386 1236 1425 Achilles.

147 1454 409 1507 parcendum
429 1456 491 1493 est
512 1453 682 1500 teneris,
708 1453 899 1492 nondum
924 1452 1148 1504 implevere
1169 1451 1376 1491 medullas
1540 1453 1617 1491 215

147 1523 337 1560 maturae
357 1519 468 1559 mala
487 1518 713 1571 nequitiae.
777 1531 872 1558 cum
896 1520 1061 1570 pectere
1081 1517 1253 1556 barbam

147 1585 332 1638 coeperit
351 1587 394 1624 et
413 1584 530 1636 longi
551 1597 797 1623 mucronem
819 1582 1044 1623 admittere
1065 1581 1208 1629 cultri,

147 1651 279 1690 salsus
299 1650 379 1690 erit
400 1649 532 1698 testis,
557 1650 711 1689 vendet
731 1648 917 1701 periuria
939 1661 1104 1688 summa

148 1716 301 1768 exigua
320 1719 363 1756 et
385 1715 549 1756 Cereris
569 1718 749 1767 tangens
769 1728 969 1766 aramque
990 1713 1242 1766 pedemque.

148 1781 301 1822 elatam
322 1781 405 1821 iam
427 1781 547 1821 crede
568 1794 741 1828 nurum,
767 1779 799 1819 si
820 1779 970 1819 limina
992 1781 1128 1818 vestra
1542 1779 1620 1818 220

149 1846 368 1887 mortifera
387 1859 485 1886 cum
507 1846 603 1886 dote
624 1845 750 1885 subit.
814 1845 968 1897 quibus
989 1844 1062 1884 illa
1081 1846 1301 1896 premetur

149 1925 224 1965 per
243 1925 436 1952 somnum
460 1911 617 1963 digitis.
679 1924 777 1950 nam
800 1924 906 1962 quae
928 1913 1122 1961 terraque
1143 1908 1333 1961 marique

149 1977 412 2030 adquirenda
432 1979 570 2029 putas,
594 1976 759 2016 brevior
780 1976 846 2015 via
866 1976 1056 2015 conferet
1077 1974 1159 2023 illi;

150 2043 296 2083 nullus
316 2043 430 2083 enim
451 2041 593 2094 magni
615 2041 780 2081 sceleris
800 2041 930 2081 labor.
996 2041 1023 2058 ‘⁶
1041 2040 1141 2080 haec
1162 2053 1238 2092 ego
1259 2052 1491 2090 numquam

151 2108 347 2148 mandavi
363 2108 392 2125 ''
415 2107 527 2147 dices
547 2107 648 2147 olim
672 2106 700 2124 “
716 2119 794 2146 nec
822 2106 923 2146 talia
944 2105 1107 2145 suasi.'’
1543 2105 1620 2143 225

152 2172 308 2213 mentis
327 2186 450 2213 causa
473 2172 604 2212 malae
625 2175 767 2212 tamen
787 2174 850 2211 est
869 2177 912 2211 et
932 2171 1048 2222 origo
1068 2183 1196 2222 penes
1216 2173 1273 2210 te.

152 2252 251 2279 nam
273 2237 464 2291 quisquis
484 2237 627 2290 magni
649 2250 798 2277 census
820 2236 1035 2289 praecepit
1055 2248 1254 2282 amorem,

152 2306 195 2344 et
213 2303 330 2344 laevo
351 2303 517 2343 monitu
539 2316 690 2355 pueros
710 2302 909 2355 producit
930 2314 1087 2348 avaros,

153 2372 196 2409 et
217 2368 290 2421 qui
310 2381 385 2421 per
404 2368 575 2408 fraudes
595 2367 851 2420 patrimonia
872 2365 1178 2418 conduplicari,

155 2434 229 2474 dat
247 2433 486 2474 libertatem
507 2435 550 2473 et
569 2436 678 2473 totas
698 2432 884 2473 effundit
905 2432 1087 2471 habenas
1546 2431 1623 2468 230
