<?xml version="1.0" encoding="UTF-8"?>
<!DOCTYPE html PUBLIC "-//W3C//DTD XHTML 1.0 Transitional//EN"
    "http://www.w3.org/TR/xhtml1/DTD/xhtml1-transitional.dtd">
<html xmlns="http://www.w3.org/1999/xhtml" xml:lang="en" lang="en">
 <head>
  <title>
</title>
<meta http-equiv="Content-Type" content="text/html;charset=utf-8" />
  <meta name='ocr-system' content='tesseract 3.04.00' />
  <meta name='ocr-capabilities' content='ocr_page ocr_carea ocr_par ocr_line ocrx_word'/>
</head>
<body>
  <div class='ocr_page' id='page_1' title='image "./saturarumlibriv00juveuoft_0173.png"; bbox 0 0 1778 2693; ppageno 0'>
   <div class='ocr_carea' id='block_1_1' title="bbox 753 117 1031 147">
    <p class='ocr_par' dir='ltr' id='par_1_1' title="bbox 753 117 1031 147">
     <span class='ocr_line' id='line_1_1' title="bbox 753 117 1031 147; baseline -0.007 0"><span class='ocrx_word' id='word_1_1' title='bbox 753 118 929 147; x_wconf 71' lang='lat' dir='ltr'>SATVRA</span> <span class='ocrx_word' id='word_1_2' title='bbox 963 117 1031 145; x_wconf 80' lang='lat' dir='ltr'>XII</span> 
     </span>
    </p>
   </div>
   <div class='ocr_carea' id='block_1_2' title="bbox 157 218 1381 1382">
    <p class='ocr_par' dir='ltr' id='par_1_2' title="bbox 164 218 1134 259">
     <span class='ocr_line' id='line_1_2' title="bbox 164 218 1134 259; baseline -0.002 0"><span class='ocrx_word' id='word_1_3' title='bbox 164 221 207 259; x_wconf 94' lang='lat' dir='ltr'>et</span> <span class='ocrx_word' id='word_1_4' title='bbox 227 218 349 259; x_wconf 88' lang='lat' dir='ltr'>cadat</span> <span class='ocrx_word' id='word_1_5' title='bbox 368 221 466 258; x_wconf 86' lang='lat' dir='ltr'>ante</span> <span class='ocrx_word' id='word_1_6' title='bbox 488 218 613 259; x_wconf 81' lang='lat' dir='ltr'>Lares</span> <span class='ocrx_word' id='word_1_7' title='bbox 635 218 834 258; x_wconf 77' lang='lat' dir='ltr'>Gallittae</span> <span class='ocrx_word' id='word_1_8' title='bbox 859 218 1030 258; x_wconf 86' lang='lat' dir='ltr'>victima</span> <span class='ocrx_word' id='word_1_9' title='bbox 1049 218 1134 258; x_wconf 86' lang='lat' dir='ltr'>sola</span> 
     </span>
    </p>

    <p class='ocr_par' dir='ltr' id='par_1_3' title="bbox 164 283 1108 335">
     <span class='ocr_line' id='line_1_3' title="bbox 164 283 1108 335; baseline -0.001 -12"><span class='ocrx_word' id='word_1_10' title='bbox 164 284 293 324; x_wconf 84' lang='lat' dir='ltr'>tantis</span> <span class='ocrx_word' id='word_1_11' title='bbox 314 283 444 335; x_wconf 88' lang='lat' dir='ltr'>digna</span> <span class='ocrx_word' id='word_1_12' title='bbox 464 283 552 323; x_wconf 86' lang='lat' dir='ltr'>deis</span> <span class='ocrx_word' id='word_1_13' title='bbox 571 287 614 323; x_wconf 88' lang='lat' dir='ltr'>et</span> <span class='ocrx_word' id='word_1_14' title='bbox 634 284 920 335; x_wconf 78' lang='lat' dir='ltr'>captatoribus</span> <span class='ocrx_word' id='word_1_15' title='bbox 940 283 1108 323; x_wconf 88' lang='lat' dir='ltr'>horum.</span> 
     </span>
    </p>

    <p class='ocr_par' dir='ltr' id='par_1_4' title="bbox 162 349 1107 396">
     <span class='ocr_line' id='line_1_4' title="bbox 162 349 1107 396; baseline -0.001 -8"><span class='ocrx_word' id='word_1_16' title='bbox 162 350 269 389; x_wconf 87' lang='lat' dir='ltr'>alter</span> <span class='ocrx_word' id='word_1_17' title='bbox 289 349 416 396; x_wconf 88' lang='lat' dir='ltr'>enim,</span> <span class='ocrx_word' id='word_1_18' title='bbox 442 349 473 387; x_wconf 83' lang='lat' dir='ltr'>si</span> <span class='ocrx_word' id='word_1_19' title='bbox 495 350 710 396; x_wconf 73' lang='lat' dir='ltr'>concedas,</span> <span class='ocrx_word' id='word_1_20' title='bbox 736 353 918 388; x_wconf 86' lang='lat' dir='ltr'>mactare</span> <span class='ocrx_word' id='word_1_21' title='bbox 939 349 1107 389; x_wconf 84' lang='lat' dir='ltr'>vovebit</span> 
     </span>
    </p>

    <p class='ocr_par' dir='ltr' id='par_1_5' title="bbox 162 413 1381 532">
     <span class='ocr_line' id='line_1_5' title="bbox 163 413 1381 467; baseline -0.002 -13"><span class='ocrx_word' id='word_1_22' title='bbox 163 415 213 454; x_wconf 87' lang='lat' dir='ltr'>de</span> <span class='ocrx_word' id='word_1_23' title='bbox 233 427 356 467; x_wconf 80' lang='lat' dir='ltr'>grege</span> <span class='ocrx_word' id='word_1_24' title='bbox 378 427 593 453; x_wconf 79' lang='lat' dir='ltr'>servorum</span> <span class='ocrx_word' id='word_1_25' title='bbox 617 428 768 465; x_wconf 81' lang='lat' dir='ltr'>magna</span> <span class='ocrx_word' id='word_1_26' title='bbox 789 419 864 453; x_wconf 82' lang='lat' dir='ltr'>aut</span> <span class='ocrx_word' id='word_1_27' title='bbox 885 413 1171 466; x_wconf 85' lang='lat' dir='ltr'>pulcherrima</span> <span class='ocrx_word' id='word_1_28' title='bbox 1192 426 1381 464; x_wconf 74' lang='lat' dir='ltr'>quaeque</span> 
     </span>
     <span class='ocr_line' id='line_1_6' title="bbox 162 479 1166 532; baseline -0.002 -13"><span class='ocrx_word' id='word_1_29' title='bbox 162 493 347 532; x_wconf 72' lang='lat' dir='ltr'>corpora,</span> <span class='ocrx_word' id='word_1_30' title='bbox 374 480 433 519; x_wconf 82' lang='lat' dir='ltr'>vel</span> <span class='ocrx_word' id='word_1_31' title='bbox 457 480 600 532; x_wconf 84' lang='lat' dir='ltr'>pueris</span> <span class='ocrx_word' id='word_1_32' title='bbox 620 484 662 519; x_wconf 93' lang='lat' dir='ltr'>et</span> <span class='ocrx_word' id='word_1_33' title='bbox 682 480 896 519; x_wconf 76' lang='lat' dir='ltr'>frontibus</span> <span class='ocrx_word' id='word_1_34' title='bbox 917 479 1166 519; x_wconf 87' lang='lat' dir='ltr'>ancillarum</span> 
     </span>
    </p>

    <p class='ocr_par' dir='ltr' id='par_1_6' title="bbox 163 545 1048 597">
     <span class='ocr_line' id='line_1_7' title="bbox 163 545 1048 597; baseline -0.001 -13"><span class='ocrx_word' id='word_1_35' title='bbox 163 545 337 597; x_wconf 76' lang='lat' dir='ltr'>inponet</span> <span class='ocrx_word' id='word_1_36' title='bbox 359 545 496 592; x_wconf 68' lang='lat' dir='ltr'>vittas,</span> <span class='ocrx_word' id='word_1_37' title='bbox 521 548 563 584; x_wconf 92' lang='lat' dir='ltr'>et</span> <span class='ocrx_word' id='word_1_38' title='bbox 584 545 701 597; x_wconf 80' lang='lat' dir='ltr'>siqua</span> <span class='ocrx_word' id='word_1_39' title='bbox 723 548 785 584; x_wconf 81' lang='lat' dir='ltr'>est</span> <span class='ocrx_word' id='word_1_40' title='bbox 807 545 964 584; x_wconf 81' lang='lat' dir='ltr'>nubilis</span> <span class='ocrx_word' id='word_1_41' title='bbox 987 545 1048 583; x_wconf 89' lang='lat' dir='ltr'>illi</span> 
     </span>
    </p>

    <p class='ocr_par' dir='ltr' id='par_1_7' title="bbox 162 609 1146 662">
     <span class='ocr_line' id='line_1_8' title="bbox 162 609 1146 662; baseline 0 -13"><span class='ocrx_word' id='word_1_42' title='bbox 162 610 385 662; x_wconf 81' lang='lat' dir='ltr'>Iphigenia</span> <span class='ocrx_word' id='word_1_43' title='bbox 405 611 534 658; x_wconf 87' lang='lat' dir='ltr'>domi,</span> <span class='ocrx_word' id='word_1_44' title='bbox 560 611 677 649; x_wconf 84' lang='lat' dir='ltr'>dabit</span> <span class='ocrx_word' id='word_1_45' title='bbox 698 610 806 649; x_wconf 76' lang='lat' dir='ltr'>lianc</span> <span class='ocrx_word' id='word_1_46' title='bbox 827 610 1043 658; x_wconf 81' lang='lat' dir='ltr'>altaribus,</span> <span class='ocrx_word' id='word_1_47' title='bbox 1068 609 1146 649; x_wconf 85' lang='lat' dir='ltr'>etsi</span> 
     </span>
    </p>

    <p class='ocr_par' dir='ltr' id='par_1_8' title="bbox 162 675 1157 728">
     <span class='ocr_line' id='line_1_9' title="bbox 162 675 1157 728; baseline -0.001 -14"><span class='ocrx_word' id='word_1_48' title='bbox 162 688 245 715; x_wconf 86' lang='lat'>11011</span> <span class='ocrx_word' id='word_1_49' title='bbox 267 679 407 728; x_wconf 79' lang='lat' dir='ltr'>sperat</span> <span class='ocrx_word' id='word_1_50' title='bbox 428 676 609 727; x_wconf 79' lang='lat' dir='ltr'>tragicae</span> <span class='ocrx_word' id='word_1_51' title='bbox 631 675 791 715; x_wconf 78' lang='lat' dir='ltr'>furtiva</span> <span class='ocrx_word' id='word_1_52' title='bbox 812 675 979 728; x_wconf 84' lang='lat' dir='ltr'>piacula</span> <span class='ocrx_word' id='word_1_53' title='bbox 999 689 1157 715; x_wconf 83' lang='lat' dir='ltr'>cervae.</span> 
     </span>
    </p>

    <p class='ocr_par' dir='ltr' id='par_1_9' title="bbox 160 741 1210 794">
     <span class='ocr_line' id='line_1_10' title="bbox 160 741 1210 794; baseline -0.001 -14"><span class='ocrx_word' id='word_1_54' title='bbox 160 741 286 780; x_wconf 87' lang='lat' dir='ltr'>laudo</span> <span class='ocrx_word' id='word_1_55' title='bbox 308 754 448 781; x_wconf 88' lang='lat' dir='ltr'>meum</span> <span class='ocrx_word' id='word_1_56' title='bbox 471 741 618 789; x_wconf 80' lang='lat' dir='ltr'>civem,</span> <span class='ocrx_word' id='word_1_57' title='bbox 643 754 721 781; x_wconf 88' lang='lat' dir='ltr'>nec</span> <span class='ocrx_word' id='word_1_58' title='bbox 741 754 938 794; x_wconf 87' lang='lat' dir='ltr'>comparo</span> <span class='ocrx_word' id='word_1_59' title='bbox 959 743 1210 780; x_wconf 85' lang='lat' dir='ltr'>testamento</span> 
     </span>
    </p>

    <p class='ocr_par' dir='ltr' id='par_1_10' title="bbox 159 806 1214 911">
     <span class='ocr_line' id='line_1_11' title="bbox 160 806 1214 857; baseline 0.001 -13"><span class='ocrx_word' id='word_1_60' title='bbox 160 806 274 846; x_wconf 89' lang='lat' dir='ltr'>mille</span> <span class='ocrx_word' id='word_1_61' title='bbox 295 809 422 855; x_wconf 82' lang='lat' dir='ltr'>rates3</span> <span class='ocrx_word' id='word_1_62' title='bbox 454 820 552 845; x_wconf 81' lang='lat' dir='ltr'>nam</span> <span class='ocrx_word' id='word_1_63' title='bbox 574 806 606 845; x_wconf 89' lang='lat' dir='ltr'>si</span> <span class='ocrx_word' id='word_1_64' title='bbox 629 806 860 845; x_wconf 84' lang='lat' dir='ltr'>Libitinam</span> <span class='ocrx_word' id='word_1_65' title='bbox 883 808 1059 846; x_wconf 84' lang='lat' dir='ltr'>evaserit</span> <span class='ocrx_word' id='word_1_66' title='bbox 1079 819 1214 857; x_wconf 87' lang='lat' dir='ltr'>aeger,</span> 
     </span>
     <span class='ocr_line' id='line_1_12' title="bbox 159 871 1056 911; baseline 0 -1"><span class='ocrx_word' id='word_1_67' title='bbox 159 871 315 911; x_wconf 88' lang='lat' dir='ltr'>delebit</span> <span class='ocrx_word' id='word_1_68' title='bbox 337 872 500 911; x_wconf 77' lang='lat' dir='ltr'>tabulas</span> <span class='ocrx_word' id='word_1_69' title='bbox 522 872 711 911; x_wconf 84' lang='lat' dir='ltr'>inclusus</span> <span class='ocrx_word' id='word_1_70' title='bbox 732 885 893 911; x_wconf 80' lang='lat' dir='ltr'>earcere</span> <span class='ocrx_word' id='word_1_71' title='bbox 915 885 1056 911; x_wconf 85' lang='lat' dir='ltr'>nassae</span> 
     </span>
    </p>

    <p class='ocr_par' dir='ltr' id='par_1_11' title="bbox 159 935 1262 1119">
     <span class='ocr_line' id='line_1_13' title="bbox 159 935 1262 989; baseline -0.001 -13"><span class='ocrx_word' id='word_1_72' title='bbox 159 939 252 989; x_wconf 87' lang='lat' dir='ltr'>post</span> <span class='ocrx_word' id='word_1_73' title='bbox 274 937 472 976; x_wconf 86' lang='lat' dir='ltr'>meritum</span> <span class='ocrx_word' id='word_1_74' title='bbox 495 951 592 976; x_wconf 89' lang='lat' dir='ltr'>sane</span> <span class='ocrx_word' id='word_1_75' title='bbox 614 937 857 976; x_wconf 86' lang='lat' dir='ltr'>mirandum</span> <span class='ocrx_word' id='word_1_76' title='bbox 878 940 1005 988; x_wconf 85' lang='lat' dir='ltr'>atque</span> <span class='ocrx_word' id='word_1_77' title='bbox 1026 936 1167 976; x_wconf 86' lang='lat' dir='ltr'>omnia</span> <span class='ocrx_word' id='word_1_78' title='bbox 1187 935 1262 988; x_wconf 78' lang='lat' dir='ltr'>soli</span> 
     </span>
     <span class='ocr_line' id='line_1_14' title="bbox 159 1002 1182 1054; baseline 0 -13"><span class='ocrx_word' id='word_1_79' title='bbox 159 1002 298 1042; x_wconf 81' lang='lat' dir='ltr'>forsan</span> <span class='ocrx_word' id='word_1_80' title='bbox 322 1002 505 1042; x_wconf 86' lang='lat' dir='ltr'>Pacuvio</span> <span class='ocrx_word' id='word_1_81' title='bbox 527 1002 708 1042; x_wconf 89' lang='lat' dir='ltr'>breviter</span> <span class='ocrx_word' id='word_1_82' title='bbox 728 1002 860 1050; x_wconf 82' lang='lat' dir='ltr'>dabit,</span> <span class='ocrx_word' id='word_1_83' title='bbox 886 1002 955 1042; x_wconf 86' lang='lat' dir='ltr'>ille</span> <span class='ocrx_word' id='word_1_84' title='bbox 977 1002 1182 1054; x_wconf 84' lang='lat' dir='ltr'>superbus</span> 
     </span>
     <span class='ocr_line' id='line_1_15' title="bbox 159 1067 1147 1119; baseline 0 -13"><span class='ocrx_word' id='word_1_85' title='bbox 159 1067 325 1107; x_wconf 83' lang='lat' dir='ltr'>incedet</span> <span class='ocrx_word' id='word_1_86' title='bbox 347 1067 466 1108; x_wconf 88' lang='lat' dir='ltr'>vietis</span> <span class='ocrx_word' id='word_1_87' title='bbox 488 1068 702 1108; x_wconf 85' lang='lat' dir='ltr'>rivalibus.</span> <span class='ocrx_word' id='word_1_88' title='bbox 764 1081 862 1119; x_wconf 88' lang='lat' dir='ltr'>ergo</span> <span class='ocrx_word' id='word_1_89' title='bbox 886 1068 999 1107; x_wconf 82' lang='lat' dir='ltr'>vides</span> <span class='ocrx_word' id='word_1_90' title='bbox 1020 1081 1147 1119; x_wconf 87' lang='lat' dir='ltr'>quam</span> 
     </span>
    </p>

    <p class='ocr_par' dir='ltr' id='par_1_12' title="bbox 157 1132 1359 1382">
     <span class='ocr_line' id='line_1_16' title="bbox 157 1132 1285 1186; baseline 0 -14"><span class='ocrx_word' id='word_1_91' title='bbox 157 1133 315 1185; x_wconf 84' lang='lat' dir='ltr'>grande</span> <span class='ocrx_word' id='word_1_92' title='bbox 337 1147 485 1185; x_wconf 87' lang='lat' dir='ltr'>operae</span> <span class='ocrx_word' id='word_1_93' title='bbox 507 1134 695 1186; x_wconf 85' lang='lat' dir='ltr'>pretium</span> <span class='ocrx_word' id='word_1_94' title='bbox 717 1134 845 1173; x_wconf 82' lang='lat' dir='ltr'>faeiat</span> <span class='ocrx_word' id='word_1_95' title='bbox 866 1133 1061 1185; x_wconf 85' lang='lat' dir='ltr'>iugulata</span> <span class='ocrx_word' id='word_1_96' title='bbox 1082 1132 1285 1185; x_wconf 87' lang='lat' dir='ltr'>Mycenis.</span> 
     </span>
     <span class='ocr_line' id='line_1_17' title="bbox 160 1198 1135 1251; baseline 0 -14"><span class='ocrx_word' id='word_1_97' title='bbox 160 1198 271 1238; x_wconf 86' lang='lat' dir='ltr'>vivat</span> <span class='ocrx_word' id='word_1_98' title='bbox 293 1199 502 1238; x_wconf 83' lang='lat' dir='ltr'>Pacuvius</span> <span class='ocrx_word' id='word_1_99' title='bbox 523 1212 673 1251; x_wconf 84' lang='lat' dir='ltr'>quaeso</span> <span class='ocrx_word' id='word_1_100' title='bbox 695 1199 759 1238; x_wconf 78' lang='lat' dir='ltr'>vel</span> <span class='ocrx_word' id='word_1_101' title='bbox 781 1199 961 1238; x_wconf 85' lang='lat' dir='ltr'>Nestora</span> <span class='ocrx_word' id='word_1_102' title='bbox 983 1200 1135 1246; x_wconf 89' lang='lat' dir='ltr'>totum,</span> 
     </span>
     <span class='ocr_line' id='line_1_18' title="bbox 161 1263 1320 1316; baseline 0 -14"><span class='ocrx_word' id='word_1_103' title='bbox 161 1263 366 1316; x_wconf 84' lang='lat' dir='ltr'>possideat</span> <span class='ocrx_word' id='word_1_104' title='bbox 387 1267 595 1316; x_wconf 85' lang='lat' dir='ltr'>quantum</span> <span class='ocrx_word' id='word_1_105' title='bbox 618 1264 760 1316; x_wconf 86' lang='lat' dir='ltr'>rapuit</span> <span class='ocrx_word' id='word_1_106' title='bbox 781 1264 908 1311; x_wconf 81' lang='lat' dir='ltr'>Nero,</span> <span class='ocrx_word' id='word_1_107' title='bbox 932 1264 1148 1303; x_wconf 87' lang='lat' dir='ltr'>montibus</span> <span class='ocrx_word' id='word_1_108' title='bbox 1169 1276 1320 1303; x_wconf 85' lang='lat' dir='ltr'>aurum</span> 
     </span>
     <span class='ocr_line' id='line_1_19' title="bbox 157 1329 1359 1382; baseline 0 -13"><span class='ocrx_word' id='word_1_109' title='bbox 157 1333 374 1382; x_wconf 81' lang='lat' dir='ltr'>exaequet,</span> <span class='ocrx_word' id='word_1_110' title='bbox 398 1343 475 1370; x_wconf 85' lang='lat' dir='ltr'>nee</span> <span class='ocrx_word' id='word_1_111' title='bbox 495 1333 607 1370; x_wconf 87' lang='lat' dir='ltr'>amet</span> <span class='ocrx_word' id='word_1_112' title='bbox 628 1343 883 1382; x_wconf 83' lang='lat' dir='ltr'>quemquam</span> <span class='ocrx_word' id='word_1_113' title='bbox 907 1343 981 1369; x_wconf 90' lang='lat' dir='ltr'>nee</span> <span class='ocrx_word' id='word_1_114' title='bbox 1002 1332 1167 1369; x_wconf 86' lang='lat' dir='ltr'>ametur</span> <span class='ocrx_word' id='word_1_115' title='bbox 1186 1329 1238 1368; x_wconf 83' lang='lat' dir='ltr'>ab</span> <span class='ocrx_word' id='word_1_116' title='bbox 1258 1329 1359 1369; x_wconf 86' lang='lat' dir='ltr'>ullo.</span> 
     </span>
    </p>
   </div>
   <div class='ocr_carea' id='block_1_3' title="bbox 1573 119 1622 161">
    <p class='ocr_par' dir='ltr' id='par_1_13' title="bbox 1573 119 1622 161">
     <span class='ocr_line' id='line_1_20' title="bbox 1573 119 1622 161; baseline 0 -13"><span class='ocrx_word' id='word_1_117' title='bbox 1573 119 1622 161; x_wconf 81' lang='lat'>91</span> 
     </span>
    </p>
   </div>
   <div class='ocr_carea' id='block_1_4' title="bbox 1553 351 1626 387">
    <p class='ocr_par' dir='ltr' id='par_1_14' title="bbox 1553 351 1626 387">
     <span class='ocr_line' id='line_1_21' title="bbox 1553 351 1626 387; baseline 0 0"><span class='ocrx_word' id='word_1_118' title='bbox 1553 351 1626 387; x_wconf 83' lang='lat'>115</span> 
     </span>
    </p>
   </div>
   <div class='ocr_carea' id='block_1_5' title="bbox 1551 677 1626 713">
    <p class='ocr_par' dir='ltr' id='par_1_15' title="bbox 1551 677 1626 713">
     <span class='ocr_line' id='line_1_22' title="bbox 1551 677 1626 713; baseline 0 0"><span class='ocrx_word' id='word_1_119' title='bbox 1551 677 1626 713; x_wconf 70' lang='lat'>120</span> 
     </span>
    </p>
   </div>
   <div class='ocr_carea' id='block_1_6' title="bbox 1549 1331 1624 1369">
    <p class='ocr_par' dir='ltr' id='par_1_16' title="bbox 1549 1331 1624 1369">
     <span class='ocr_line' id='line_1_23' title="bbox 1549 1331 1624 1369; baseline 0.013 -1"><span class='ocrx_word' id='word_1_120' title='bbox 1549 1331 1624 1369; x_wconf 85' lang='lat'>130</span> 
     </span>
    </p>
   </div>
  </div>
 </body>
</html>
