1778 2693
212 121 289 161 114
696 126 735 153 1).
775 126 898 154 IVNII
930 125 1182 155 IVVENALIS

769 281 962 314 SATVRA
994 281 1081 315 XVI

205 380 306 428 Quis
327 394 544 421 numerare
567 386 691 433 queat
711 382 845 422 felicis
866 383 1063 435 praemia,
1089 383 1214 431 Galli,

204 445 412 485 militiae?
469 459 563 485 num
587 447 619 485 si
641 447 874 486 subeuntur
895 461 1090 500 prospera
1111 453 1258 496 castra,

204 524 267 549 me
288 511 486 562 pavidum
508 511 688 563 excipiat
709 513 889 551 tironem
910 515 1031 565 porta
1051 513 1233 553 secundo

202 575 347 615 sidere.
408 576 502 628 plus
522 576 677 616 etenim
700 576 777 616 fati
800 577 908 616 valet
928 577 1029 617 hora
1050 577 1220 629 benigni

202 654 326 692 quam
349 641 381 679 si
403 654 477 680 nos
498 641 675 680 Veneris
695 642 961 682 commendet
982 642 1163 695 epistula
1184 643 1311 682 Marti

200 710 242 745 et
264 706 402 745 Samia
421 707 611 758 genetrix
633 720 738 758 quae
760 707 993 746 delectatur
1013 708 1181 747 harena.

253 772 470 811 commoda
492 775 720 811 tractemus
740 772 926 824 primum
949 773 1202 820 communia,
1228 786 1409 825 quorum

200 835 305 875 haut
326 837 550 876 minimum
573 838 679 877 illud
701 838 795 886 erit,
821 852 872 877 ne
895 841 935 878 te
956 839 1120 890 pulsare
1142 840 1310 889 togatus

199 902 364 948 audeat,
390 902 518 941 immo
539 903 615 942 etsi
638 903 844 955 pulsetur,
868 903 1103 943 dissimulet
1124 916 1199 943 nec

199 966 351 1005 audeat
370 980 562 1007 excussos
582 968 763 1020 praetori
785 969 1001 1008 ostendere
1022 969 1169 1008 dentes

198 1034 240 1070 et
260 1031 423 1083 nigram
446 1033 489 1071 in
511 1033 616 1072 facie
638 1033 813 1072 tumidis
833 1033 1035 1072 livoribus
1055 1034 1180 1073 offam

198 1098 324 1147 atque
345 1098 515 1136 oculum
538 1098 699 1137 medico
721 1098 780 1137 nil
802 1098 1076 1150 promittente
1098 1098 1307 1137 relictum.

200 1160 426 1201 Bardaicus
448 1162 574 1202 iudex
595 1163 722 1202 datur
742 1163 843 1202 haec
863 1163 1014 1215 punire
1035 1162 1191 1202 volenti

197 1226 359 1265 calceus
379 1230 420 1265 et
440 1228 619 1277 grandes
640 1241 792 1279 magna
811 1228 863 1267 ad
885 1227 1080 1266 subsellia
1100 1240 1218 1266 surae

197 1291 359 1343 legibus
380 1292 565 1344 antiquis
586 1295 817 1332 castrorum
838 1295 881 1332 et
901 1306 1014 1332 more
1036 1291 1202 1332 Camilli

197 1360 372 1405 servato,
397 1358 516 1397 miles
537 1371 588 1397 ne
611 1358 766 1397 vallum
788 1358 926 1409 litiget
947 1360 1065 1396 extra

197 1426 239 1461 et
259 1423 404 1474 procul
426 1436 449 1462 a
469 1423 610 1474 signis.
673 1423 899 1462 iustissima
919 1422 1217 1461 centurionum

196 1487 380 1538 cognitio
401 1490 464 1527 est
485 1488 617 1539 igitur
638 1488 689 1528 de
710 1487 860 1535 milite,
884 1501 959 1527 nec
980 1487 1085 1526 mihi
1107 1486 1215 1526 derit

197 1552 316 1599 ultio,
342 1552 374 1591 si
396 1553 528 1592 iustae
549 1553 739 1593 defertur
759 1566 882 1592 causa
904 1552 1124 1605 querellae.

196 1620 285 1656 tota
304 1617 451 1657 cohors
472 1621 611 1657 tamen
633 1622 695 1657 est
716 1618 900 1665 inimica,
925 1630 1151 1668 omnesque
1172 1616 1347 1668 manipli

196 1695 398 1722 consensu
420 1696 574 1735 magno
595 1683 784 1722 efficiunt
805 1682 1002 1722 curabilis
1024 1685 1071 1721 ut
1092 1682 1146 1721 sit

196 1747 383 1787 vindicta
402 1750 444 1788 et
464 1747 630 1800 gravior
651 1761 777 1799 quain
799 1747 965 1786 iniuria.
1027 1747 1205 1798 dignum
1226 1746 1306 1786 erit
1326 1759 1423 1798 ergo

196 1812 486 1852 declamatoris
506 1813 669 1852 mulino
691 1813 812 1851 corde
833 1812 1012 1863 Vagelli,

195 1890 292 1916 cum
314 1878 398 1917 (1110
419 1891 540 1917 crura
560 1877 724 1925 habeas,
750 1877 961 1916 offendere
983 1879 1046 1916 tot
1066 1876 1232 1927 caligas,
1257 1878 1321 1915 tot

196 1942 311 1981 milia
330 1942 557 1981 clavorum.
619 1942 711 1994 quis
733 1946 815 1981 tam
838 1941 983 1994 procul
1005 1941 1112 1980 absit
1131 1941 1182 1980 ab
1204 1941 1305 1979 urbe

196 2010 420 2058 praeterea,
447 2007 539 2058 quis
562 2011 646 2046 tam
669 2008 856 2059 Pylades,
882 2007 1033 2046 molem
1054 2005 1216 2057 aggeris
1237 2005 1350 2045 ultra

197 2075 244 2110 ut
265 2072 437 2110 veniat?
493 2072 686 2111 lacrimae
707 2072 916 2111 siccentur
936 2070 1142 2123 protinus,
1166 2071 1208 2109 et
1228 2081 1269 2108 se

195 2140 463 2176 excusaturos
484 2151 566 2175 11011
589 2137 861 2176 sollicitemus
881 2136 1047 2176 amicos.

199 2202 208 2218 ‘
224 2202 276 2240 da
298 2205 443 2241 testem
463 2202 471 2217 ³
496 2202 621 2241 iudex
642 2215 737 2241 cum
761 2201 928 2248 dixerit,
953 2201 1106 2241 audeat
1126 2200 1196 2239 ille

196 2267 332 2305 nescio
354 2267 446 2318 quis
468 2281 630 2318 pugnos
651 2267 722 2318 (1111
744 2268 864 2314 vidit,
889 2267 1024 2306 (licere
1048 2266 1058 2284 ‘
1074 2265 1192 2312 vidi,’

195 2335 236 2370 et
256 2332 421 2370 credam
442 2332 617 2382 dignum
641 2333 768 2372 barba
787 2332 1050 2383 dignumque
1070 2330 1232 2382 capillis

195 2395 415 2435 maiorum.
475 2396 600 2436 citius
619 2397 773 2436 falsum
795 2397 1023 2448 producere
1044 2398 1192 2435 testem

1610 971 1659 1009 10

1608 1295 1657 1333 15

1605 1620 1656 1658 20

1600 2267 1652 2305 30
