1778 2693
743 112 920 142 SATVRA
952 112 1042 140 VIII

158 212 339 262 Silanus,
365 226 630 266 quocumque
649 213 732 253 alio
752 213 804 253 de
824 213 1044 265 sanguine,
1068 226 1186 252 rarus

157 278 257 318 civis
276 282 318 318 et
337 278 531 330 egregius
551 278 710 330 patriae
731 278 944 330 contingis
964 278 1127 327 ovanti3

156 344 384 383 exclamare
406 344 522 391 libet,
546 343 728 395 populus
749 344 859 396 quod
881 343 1035 383 clamat
1058 343 1166 382 Osiri

156 409 340 449 invento.
403 409 494 461 quis
514 409 626 448 enim
648 422 896 461 generosum
918 409 1073 448 dixerit
1094 408 1208 448 huuc
1230 409 1301 461 qui

155 474 358 527 indiguus
377 487 528 526 genere
548 477 590 514 et
610 474 821 526 praeclaro
842 474 1014 513 nomine
1036 476 1203 513 tautum

154 539 331 592 insignis
345 541 363 578 ¹?
393 553 553 579 nanum
574 540 792 579 cuiusdam
814 540 992 579 Atlanta
1013 552 1221 587 vocamus,

154 604 408 657 Aethiopem
432 605 636 656 Cycnum,
660 618 830 657 pravam
853 607 1145 656 extortamque
1166 607 1349 656 puellam

154 669 374 722 Europen3
405 670 578 710 canibus
599 670 731 722 pigris
751 670 969 722 scabieque
990 672 1155 710 vetusta

153 734 313 775 levibus
333 739 376 774 et
396 735 526 775 siccae
546 735 830 775 lambentibus
849 748 921 775 ora
940 735 1135 775 lucernae

154 813 307 840 nomen
327 800 407 840 erit
427 801 583 853 pardus
603 800 724 852 tigris
743 801 822 848 leo,
847 800 879 840 si
903 800 1004 853 quid
1026 800 1165 840 adhue
1185 803 1248 840 est

153 866 264 917 quod
286 866 441 905 fremat
462 866 506 904 in
527 866 650 905 terris
672 865 897 905 violentius
906 880 916 915 3
947 879 1046 917 ergo
1067 865 1230 905 cavebis

152 933 194 971 et
214 933 378 970 metues
397 944 450 971 ne
471 933 519 970 tu
539 930 597 970 sie
619 930 809 970 Creticus
828 934 902 970 aut
925 930 1184 970 Camerinus.

205 996 272 1036 his
292 1010 368 1048 ego
389 1010 514 1049 quem
535 996 714 1036 monui?
771 1001 910 1036 tecum
933 1000 995 1036 est
1015 996 1121 1035 mihi
1143 1010 1292 1045 sermo,
1318 998 1484 1038 Rubelli

153 1061 326 1101 Blande.
389 1066 527 1101 tumes
547 1061 632 1100 alto
654 1061 892 1101 Drusorum
914 1064 1150 1109 stemmate,
1175 1064 1392 1113 tamquam

151 1126 302 1166 feceris
321 1127 408 1179 ipse
429 1126 590 1178 aliquid
610 1129 784 1179 propter
804 1127 915 1178 quod
939 1126 1090 1166 nobilis
1111 1140 1230 1174 esses,

152 1195 201 1231 ut
222 1195 261 1232 te
282 1192 520 1244 conciperet
542 1204 648 1243 quae
670 1191 876 1243 sanguine
896 1192 1035 1244 fulget
1057 1192 1155 1239 Iuli,

151 1270 236 1297 non
257 1271 363 1309 quae
383 1260 555 1297 ventoso
576 1257 787 1297 conducta
807 1258 883 1296 sub
904 1270 1055 1309 aggere
1077 1258 1196 1297 texit.

154 1323 164 1340 ‘
180 1336 251 1362 vos
271 1322 452 1362 humiles
467 1323 477 1340 ³
501 1322 643 1374 inquis
666 1322 676 1340 ‘
694 1322 804 1374 volgi
825 1336 920 1374 pars
942 1323 1093 1362 ultima
1114 1322 1262 1371 nostri,

151 1401 331 1440 quorum
353 1401 476 1427 nemo
497 1390 624 1439 queat
643 1388 824 1440 patriam
845 1390 1081 1427 monstrare
1103 1388 1305 1440 parentis,

150 1455 214 1492 ast
233 1466 309 1504 ego
331 1452 612 1505 Cecropides.'
671 1452 785 1492 vivas
805 1456 847 1492 et
868 1453 1045 1504 originis
1064 1453 1192 1492 huius

149 1517 304 1570 gaudia
323 1517 449 1569 longa
468 1518 588 1556 feras.
651 1520 794 1556 tamen
816 1517 901 1556 ima
922 1517 1042 1569 plebe
1065 1517 1275 1565 Quiritem

149 1582 384 1622 facundum
406 1582 605 1631 invenies,
631 1581 739 1622 solet
757 1582 828 1622 hic
848 1582 1074 1622 defendere
1094 1595 1238 1622 causas

150 1647 302 1688 nobilis
322 1647 502 1696 indocti;
533 1647 675 1687 veniet
695 1647 746 1687 de
768 1647 888 1700 plebe
910 1650 1051 1700 togata

148 1713 221 1766 qui
243 1712 346 1753 iuris
367 1713 498 1752 nodos
517 1715 559 1752 et
579 1712 721 1765 legum
742 1713 981 1765 aenigmata
1002 1713 1153 1763 solvat3

147 1778 217 1818 hic
236 1778 346 1831 petit
366 1778 616 1830 Euphraten
638 1778 801 1818 iuvenis
822 1778 1058 1830 domitique
1080 1779 1228 1819 Batavi

147 1844 340 1884 custodes
359 1843 520 1896 aquilas
539 1843 666 1884 armis
687 1843 935 1883 industrius.
997 1846 1041 1883 at
1061 1847 1109 1883 tu

147 1909 209 1948 nil
231 1909 310 1949 nisi
333 1909 596 1961 Cecropides,
620 1911 855 1961 truncoque
876 1908 1119 1948 simillimus
1141 1910 1337 1951 Hermae.

147 1974 266 2014 nullo
287 1974 443 2027 quippe
463 1974 544 2014 alio
565 1974 698 2014 vincis
719 1974 962 2013 discrimine
984 1987 1110 2026 quam
1132 1975 1242 2027 quod.

147 2038 210 2079 illi
231 2053 514 2079 marmoreum
535 2042 662 2092 caput
683 2042 758 2088 est,
782 2042 857 2078 tua
878 2039 983 2078 vivit
1004 2039 1156 2091 imago.

147 2104 215 2145 dic
235 2104 355 2152 mihi,
381 2105 640 2145 Teucrorum
661 2105 811 2158 proles,
836 2104 1035 2144 animalia
1056 2108 1175 2145 muta

147 2170 241 2222 quis
260 2183 459 2223 generosa
478 2173 601 2223 putet
620 2170 702 2210 nisi
724 2170 866 2210 fortia.
929 2183 1080 2222 nempe
1103 2171 1314 2211 volucrem

146 2236 205 2276 sic
224 2236 445 2276 laudamus
466 2249 637 2288 equum,
662 2235 777 2275 facili
799 2235 867 2275 cui
890 2235 1075 2288 plurima
1095 2237 1236 2288 palma

146 2301 282 2341 fervet
302 2304 344 2341 et
365 2301 529 2341 exultat
549 2314 673 2341 rauco
695 2301 868 2341 victoria
888 2301 1018 2349 circo3

147 2366 299 2406 nobilis
319 2365 402 2414 hic,
427 2379 692 2418 quocumque
714 2366 829 2406 venit
849 2366 902 2405 de
923 2366 1126 2418 gramine,
1151 2367 1270 2407 cuius

147 2431 258 2471 clara
277 2431 381 2483 fuga
399 2435 497 2471 ante
517 2431 620 2471 alios
639 2434 681 2471 et
702 2431 864 2483 primus
886 2430 930 2470 in
951 2444 1128 2483 aequore
1149 2433 1300 2484 pulvis.

1572 113 1624 158 59

1571 413 1621 449 30

1569 740 1619 776 35

1568 1037 1672 1103 4ο”

1566 1393 1617 1430 45

1564 1718 1616 1756 50

1562 2045 1613 2082 55

1562 2373 1612 2410 60
