1778 2693
181 127 259 166 108
666 133 706 161 D.
741 132 868 161 IVNII
898 130 1148 159 IVVENALIS

174 235 436 286 exiguusque
457 234 588 281 cibus,
614 246 746 272 mersa
766 234 853 272 rate
873 231 1106 282 naufragus
1125 242 1255 270 assem

173 299 275 338 dum
297 303 416 350 rogat
436 303 477 338 et
498 299 609 351 picta
630 311 670 337 se
691 299 938 349 tempestate
961 299 1116 335 tuetur.

228 364 359 403 tantis·
381 368 503 415 parta
526 362 646 400 malis
668 375 768 400 cura
790 360 946 399 maiore
970 365 1171 410 metuque

175 433 419 467 servantur:
452 427 602 464 misera
625 432 687 463 est
710 424 852 476 magni
876 423 1072 462 custodia
1094 435 1253 460 00115115,

175 491 385 543 dispositis
406 490 619 542 praedives
640 488 744 527 amis
765 488 936 539 vigilare
961 488 1176 527 cohortem

174 569 386 595 servorum
409 558 535 594 noctu
560 553 732 593 Licinus
754 553 883 600 iubet,
903 553 1109 592 attonitus
1129 565 1205 604 pro

175 621 328 660 electro
350 620 562 672 signisque
584 618 668 657 suis
692 618 957 669 Phrygiaque
978 617 1174 656 columna

174 690 301 737 atque
323 686 442 724 ebore
463 688 504 723 et
525 685 608 723 lata
628 683 853 723 testudine.
916 683 1026 721 dolia
1047 682 1150 721 nudi

176 764 258 789 11011
281 751 428 789 ardent
449 749 603 800 cynici3
636 748 667 787 si
690 748 878 799 fregeris,
902 747 1033 787 altera
1054 748 1125 786 fiet

175 828 263 854 cras
283 816 447 861 domus,
471 818 598 865 atque
618 813 761 852 eadem
783 813 958 865 plumbo
979 811 1197 851 commissa
1216 811 1415 853 manebit.

175 880 304 919 sensit
325 879 577 926 Alexander,
602 880 708 917 testa
730 891 827 917 cum
849 877 956 916 vidit
977 877 1020 915 in
1042 876 1114 916 illa

175 958 377 997 magnum
398 944 692 991 habitatorem,
718 945 876 994 quanto
897 941 1059 981 felicior
1079 941 1148 980 1110
1169 941 1242 993 qui

177 1010 235 1049 nil
257 1013 429 1061 cuperet
451 1022 576 1060 quam
599 1007 671 1060 qui
693 1010 832 1047 totum
854 1007 931 1046 sibi
953 1009 1141 1058 posceret
1161 1006 1303 1046 orbem

175 1088 372 1127 passurus
393 1073 522 1125 gestis
542 1073 761 1124 aequanda
780 1072 968 1124 pericula
987 1072 1124 1111 rebus.

176 1140 344 1179 nullum
365 1152 522 1178 numen
546 1138 672 1177 habes
693 1137 723 1176 si
748 1137 803 1176 sit
823 1136 1063 1189 prudentia,
1087 1149 1162 1175 nos
1183 1139 1238 1184 te,

176 1218 250 1244 nos
270 1204 462 1250 facimus,
487 1203 691 1249 Fortuna,
716 1202 851 1241 deam.
911 1214 1106 1240 mensura
1128 1204 1269 1240 tamen
1290 1213 1395 1252 quae

176 1269 355 1309 sufficiat
375 1281 537 1315 census,
562 1267 693 1318 siquis
714 1280 779 1306 me
800 1267 1004 1313 consulat,
1029 1266 1169 1305 edam:

176 1335 218 1374 in
242 1336 451 1386 quantum
473 1332 562 1372 sitis
582 1335 708 1383 atque
729 1332 859 1371 fames
879 1333 920 1371 et
941 1331 1098 1382 frigora
1118 1332 1312 1382 poscunt,

177 1402 400 1451 quantum,
426 1397 624 1449 Epicure,
649 1396 726 1436 tibi
748 1396 886 1448 parvis
907 1395 1072 1435 suffecit
1091 1396 1137 1434 in
1157 1395 1303 1443 hortis,

177 1468 386 1516 quantum
409 1461 607 1502 Socratici
629 1463 832 1513 ceperunt
852 1463 948 1500 ante
969 1462 1158 1512 penates3

178 1541 411 1580 numquam
431 1527 547 1567 aliud
569 1533 736 1574 natura,
759 1525 875 1565 aliud
898 1524 1103 1577 sapientia
1122 1524 1238 1564 dicit.

176 1593 340 1633 acribus
360 1591 562 1643 exemplis
584 1591 726 1630 videor
746 1593 788 1630 te
810 1590 977 1629 cludere
991 1591 1009 1628 ’Β
1065 1589 1191 1629 misce

177 1671 274 1710 ergo
295 1657 455 1709 aliquid
478 1657 631 1696 nostris
651 1657 701 1696 de
723 1656 922 1702 moribus,
947 1656 1060 1694 effice
1081 1668 1287 1694 summam

178 1723 240 1762 bis
260 1726 418 1774 septem
439 1721 658 1761 ordinibus
680 1734 806 1772 quam
827 1720 892 1759 lex
915 1720 1116 1771 dignatur
1137 1719 1329 1759 Othonis.

178 1788 278 1827 haec
300 1800 465 1839 quoque
487 1786 520 1826 si
541 1799 689 1837 rugam
711 1785 844 1825 trahit
865 1784 1142 1835 extenditque
1161 1784 1375 1832 labellum,

179 1865 294 1892 sume
315 1852 420 1891 duos
440 1851 616 1903 equites,
640 1851 707 1890 fac
728 1850 851 1890 tertia
874 1849 1194 1901 quadringenta.

179 1917 211 1956 si
232 1917 423 1956 nondum
444 1916 601 1968 inplevi
622 1916 846 1968 gremium,
871 1915 903 1954 si
925 1914 1129 1966 panditur
1150 1913 1275 1961 ultra,

179 1995 255 2022 nec
277 1981 415 2021 Croesi
437 1982 611 2020 fortuna
632 1994 833 2032 umquam
856 1993 931 2019 nec
954 1978 1116 2018 Persica
1136 1991 1265 2030 regna

180 2047 389 2086 sufficient
409 2046 550 2085 animo
571 2059 648 2085 1100
669 2045 840 2085 divitiae
861 2043 1060 2091 Narcissi,

180 2111 358 2150 indulsit
381 2110 529 2150 Caesar
549 2111 617 2150 cui
641 2110 845 2150 Claudius
866 2109 1019 2156 omnia,
1044 2107 1166 2148 cuius

180 2176 323 2228 paruit
343 2175 529 2227 imperiis
550 2188 724 2215 uxorem
745 2174 930 2214 occidere
951 2174 1099 2212 iussus.

754 2291 951 2326 SATVRA
983 2289 1051 2323 XV

183 2370 284 2419 Quis
303 2370 449 2417 nescit,
474 2369 623 2409 Volusi
646 2369 884 2421 Bithynice,
909 2368 1049 2420 qualia
1068 2368 1239 2407 demens

181 2436 395 2487 Aegyptos
415 2436 611 2487 portenta
631 2434 772 2473 colat?
827 2433 1065 2473 crocodilon
1085 2432 1230 2471 adorat

1554 489 1631 527 305

1557 813 1634 851 310

1559 1138 1635 1176 315

1559 1462 1637 1501 320

1560 1787 1637 1825 325

1561 2111 1638 2148 330
