1778 2693
179 130 256 160 110
660 129 700 156 Ῐ).
736 128 862 157 IVNII
894 127 1146 156 IVVENALIS

172 243 257 270 esse
277 231 373 269 deos
395 243 496 281 quos
519 230 603 282 ipse
625 230 736 269 colit.
800 230 867 268 sed
892 233 1077 280 tempore
1098 229 1206 267 festo

171 295 342 334 alterius
364 295 508 346 populi
533 295 731 346 rapienda
752 294 910 333 occasio
930 293 1094 332 cunc-tis

170 360 256 399 visa
278 360 545 398 inimicorum
569 359 821 410 prirnoribus
842 372 887 397 ac
909 358 1101 405 ducibus,
1126 371 1177 396 ne

171 425 325 464 laetum
352 425 611 474 hilari-nique
632 424 757 465 diem.
783 437 834 462 ne
856 436 1030 473 magnae
1051 422 1203 473 gaudia
1224 435 1347 461 cenae

170 490 376 529 sentirent
397 489 541 540 positis
562 489 611 527 ad
637 488 792 540 templa
813 492 852 527 et
874 488 1058 539 compita
1078 487 1229 526 mensis

171 554 448 606 pervigilique
470 558 573 601 toro,
600 567 723 604 quein
746 558 865 592 nocte
886 567 931 592 ac
953 553 1045 592 luce
1067 552 1269 591 iacentem

171 619 373 670 septimus
395 619 608 657 interdum
631 619 688 657 sol
712 618 887 657 invenit.
948 617 1119 657 horrida
1140 630 1236 656 sane

171 685 397 735 Aegyptos,
422 684 491 722 sed
514 683 694 729 luxuria,
721 687 928 734 quantuni
951 683 1036 734 ipse
1058 681 1214 729 notavi,

170 749 342 788 barbara
362 750 521 788 sanioso
543 762 625 787 non
647 749 760 787 cedit
782 749 905 787 turba
927 748 1111 800 Canopo.

170 815 275 854 adde
297 815 405 866 quod
430 818 471 853 et
491 814 627 853 facilis
651 813 821 853 victoria
841 814 892 853 de
914 813 1093 852 madidis
1112 816 1154 852 et

170 880 316 918 blaesis
336 882 462 930 atque
482 893 596 919 mero
617 878 913 918 titubantibus.
976 878 1073 917 inde
1094 878 1281 917 virorum

170 945 345 983 saltatus
365 944 485 995 nigro
510 944 692 991 tibicine,
718 943 1040 995 qualiacumque

171 1012 389 1061 unguenta
408 1017 450 1048 et
471 1009 589 1048 fiores
609 1009 851 1060 multaeque
873 1008 916 1047 in
937 1009 1078 1048 fronte
1099 1021 1292 1047 coronae:

171 1074 269 1114 hinc
291 1075 482 1114 ieiunum
503 1074 660 1113 odium.
722 1074 791 1113 sed
814 1073 950 1125 iurgia
970 1073 1107 1125 prima
1126 1085 1270 1112 sonare

171 1139 384 1191 incipiunt
404 1139 555 1178 animis
575 1139 834 1186 ardentibus,
859 1139 958 1178 haec
980 1139 1082 1178 tuba
1103 1138 1227 1177 rixae.

170 1204 266 1243 dein
288 1204 466 1243 clamore
488 1203 577 1255 pari
599 1203 879 1250 concurritur,
904 1206 946 1242 et
967 1203 1054 1242 vice
1076 1202 1147 1242 teli

170 1269 299 1308 saevit
321 1269 435 1307 nuda
456 1282 619 1307 manus.
679 1281 835 1320 paucae
856 1268 943 1307 sine
964 1267 1138 1306 vulnere
1159 1267 1304 1315 malae,

170 1334 239 1374 vix
261 1333 458 1384 cuiquam
479 1336 553 1372 aut
573 1333 681 1371 nulli
705 1335 791 1372 toto
813 1332 1039 1371 certamine
1060 1345 1184 1371 nasus

171 1398 347 1448 integer.
407 1397 608 1449 aspiceres
630 1397 711 1436 iani
733 1402 885 1436 cuncta
906 1410 980 1448 per
1000 1395 1168 1447 agmina
1188 1395 1332 1435 vultus

170 1463 381 1510 dimidios,
405 1462 505 1501 alias
527 1462 653 1501 facies
673 1465 715 1501 et
735 1461 897 1500 hiantia
918 1461 1055 1513 ruptis

170 1541 258 1567 ossa
277 1527 408 1579 genis,
433 1527 578 1578 plenos
599 1527 815 1566 oculorum
839 1526 1042 1577 sanguine
1064 1538 1240 1577 pugnos.

170 1593 313 1632 ludere
335 1606 375 1631 se
395 1593 576 1632 credunt
597 1592 675 1643 ipsi
698 1595 838 1631 tamen
861 1594 902 1630 et
923 1591 1096 1643 puerilis

170 1670 358 1697 exercere
378 1656 498 1704 acies,
523 1657 635 1708 quod
656 1657 775 1696 nulla
795 1657 993 1695 cadavera
1014 1656 1188 1695 calcent.

170 1726 212 1762 et
232 1735 328 1761 sane
350 1735 432 1773 quo
453 1724 517 1761 tot
538 1721 714 1760 rixantis
735 1721 852 1760 inilia
874 1721 1033 1768 turbae,

171 1788 202 1827 si
225 1787 374 1826 vivunt
395 1800 537 1826 omnes
551 1788 569 1825 ⁴?
625 1800 723 1835 ergo
743 1786 877 1825 acrior
898 1786 1095 1837 impetus,
1119 1789 1161 1825 et
1181 1785 1263 1825 iam

171 1865 267 1892 saxa
288 1851 501 1890 inclinatis
521 1865 594 1903 per
615 1851 795 1890 humum
818 1850 1005 1902 quaesita
1024 1850 1189 1889 lacertis

172 1917 386 1968 incipiunt
407 1919 615 1967 torquere,
640 1915 867 1955 domestica
887 1914 1082 1954 seditioni

173 1981 267 2028 tela,
291 1994 367 2020 nec
388 1981 502 2020 hunc
524 1980 720 2032 lapidem,
746 1980 881 2032 qualis
902 1982 944 2019 et
964 1979 1136 2018 Turnus
1155 1981 1198 2018 et
1218 1979 1341 2027 Aiax,

172 2047 234 2086 vel
258 2060 340 2098 quo
361 2046 542 2098 Tydides
564 2046 769 2098 percussit
789 2046 973 2097 pondere
993 2058 1138 2084 coxam

173 2112 349 2158 Aeneae,
374 2111 442 2150 sed
465 2124 589 2162 quem
610 2111 775 2150 valeant
796 2110 986 2150 emittere
1007 2110 1177 2149 dextrae

174 2176 255 2215 illis
276 2175 496 2215 dissimiles
517 2179 558 2215 et
579 2179 720 2216 nostro
743 2180 930 2227 tempore
953 2177 1086 2214 natae.

128 2264 131 2267 ·
172 2255 269 2280 nam
292 2254 422 2292 genus
442 2241 521 2280 hoc
543 2241 635 2281 vivo
657 2241 738 2280 iam
761 2241 1021 2280 decrescebat
1042 2239 1242 2286 Homero,

173 2310 283 2345 terra
303 2306 432 2345 malos
451 2306 644 2345 homines
664 2319 778 2345 nunc
800 2306 952 2344 educat
972 2308 1098 2355 atque
1119 2303 1311 2355 pusillos;

173 2383 270 2422 ergo
290 2370 392 2409 deus
413 2370 669 2421 quicumque
689 2370 864 2421 aspexit,
890 2369 1000 2408 ridet
1020 2372 1061 2408 et
1082 2367 1183 2407 odit.

173 2448 197 2474 a
216 2434 473 2474 deverticulo
494 2437 708 2487 repetatur
728 2434 883 2474 fabula.
944 2435 1167 2486 postquam

1576 359 1626 396 40

1577 683 1627 720 45

1578 1009 1628 1046 50

1578 1334 1628 1371 55

1579 1657 1629 1694 60

1579 1981 1628 2019 65

1579 2305 1628 2344 70
