1778 2693
183 101 240 155 96
670 111 711 140 D.
746 111 872 140 IVNII
904 110 1156 139 IVVENALIS

184 213 422 258 contentus,
448 223 593 251 vexare
613 211 755 250 oculos
776 224 920 250 umore
940 213 1100 250 coacto:

184 277 374 329 ploratur
395 275 576 316 lacrimis
595 276 744 315 amissa
764 275 943 327 pecunia
964 275 1086 315 veris.

185 343 254 382 sed
276 342 307 381 si
330 346 481 381 cuncta
503 342 616 380 vides
637 341 762 380 simili
785 341 875 380 fora
894 341 1018 393 plena
1039 341 1237 393 querella,

186 408 217 447 si
239 407 373 447 decies
394 406 510 446 lectis
531 406 692 445 diversa
711 409 829 458 parte
850 405 1014 446 tabellis

187 486 291 512 vana
312 471 558 524 supervacui
580 471 730 510 dicunt
751 471 1029 524 chirographa
1048 471 1169 523 ligni,

185 538 327 589 arguit
349 537 533 589 ipsorum
555 549 658 588 quos
679 536 819 576 littera
839 550 1086 588 gemmaque
1107 536 1301 589 princeps

187 602 508 654 sardonychum,
533 601 680 641 loculis
701 614 806 653 quae
827 601 1064 641 custoditur
1085 601 1269 650 eburnis,

187 671 337 707 ton—o
357 666 700 706 delicias—extra
719 666 960 705 communia
979 679 1118 706 censes

187 733 446 785 ponendum,
471 731 569 783 quia
592 734 636 770 tu
657 731 838 783 gallinae
860 731 972 770 filius
992 731 1121 778 albae,

187 811 262 837 nos
283 798 383 837 viles
402 797 510 849 pulli
531 796 620 836 nati
642 796 882 836 infelicibus
902 796 1020 836 ovis?

188 877 274 903 rem
296 863 449 915 pateris
468 862 676 902 modicam
698 865 740 902 et
761 862 958 902 mediocri
981 862 1061 902 bile
1081 863 1312 912 ferendam,

188 929 220 968 si
242 929 380 968 flectas
402 927 542 967 oculos
563 927 719 967 maiora
738 927 790 967 ad
811 927 1002 967 crimina.
1062 928 1206 967 confer

187 994 447 1033 conductum
468 993 687 1040 latronem,
712 992 906 1032 incendia
926 992 1098 1044 sulpure
1118 994 1264 1045 coepta

188 1062 314 1110 atque
335 1058 443 1105 dolo,
467 1057 624 1109 primos
644 1070 740 1096 cum
762 1057 887 1096 ianua
907 1057 1070 1109 colligit
1089 1057 1224 1109 ignes3

189 1124 333 1163 confer
353 1126 393 1162 et
414 1123 502 1170 hos,
527 1121 676 1161 veteris
698 1121 770 1174 qui
791 1122 951 1161 tollunt
970 1122 1147 1173 grandia
1167 1122 1314 1174 templi

190 1189 338 1240 pocula
358 1188 591 1227 adorandae
612 1186 813 1238 robiginis
833 1189 874 1226 et
894 1187 1148 1238 populorum

190 1254 300 1293 dona
320 1253 383 1292 vel
403 1252 579 1303 antiquo
599 1251 754 1303 positas
774 1265 796 1290 a
816 1265 911 1303 rege
932 1264 1122 1301 coronas3

189 1318 292 1357 hacc
314 1318 370 1357 ibi
392 1317 425 1356 si
446 1330 531 1356 non
552 1319 665 1364 sunt,
690 1316 828 1356 minor
847 1319 983 1356 exstat
1003 1317 1227 1369 sacrilegus
1248 1317 1321 1370 qui

191 1384 310 1423 radat
331 1382 513 1422 inaurati
534 1382 674 1421 femur
696 1382 891 1421 Herculis
911 1384 953 1421 et
972 1381 1123 1422 faciem
1144 1382 1277 1434 ipsam

191 1447 398 1500 Neptuni,
424 1447 497 1499 qui
518 1447 765 1486 bratteolam
786 1447 837 1486 de
860 1446 1027 1486 Castore
1047 1447 1228 1487 ducat—

190 1527 244 1554 an
264 1513 433 1552 dubitet
453 1512 600 1551 solitus
621 1514 759 1551 totum
780 1511 958 1551 conflare
979 1512 1214 1552 Tonantem
1229 1513 1302 1551 ‘?—-

191 1579 334 1619 confer
354 1581 396 1617 et
415 1577 594 1617 artifices
615 1580 970 1628 mercatoremque
992 1576 1141 1617 veneni

191 1647 234 1683 et
254 1642 553 1683 deducendum
574 1641 684 1681 corio
706 1641 820 1681 bovis
840 1641 885 1680 in
906 1655 1032 1690 mare,
1056 1655 1154 1681 cum
1176 1655 1258 1694 quo

192 1708 405 1749 clauditur
425 1706 606 1747 adversis
627 1706 798 1746 innoxia
818 1706 938 1746 simia
957 1707 1071 1746 fatis.

192 1774 293 1813 haec
315 1776 442 1825 quota
463 1785 556 1824 pars
577 1772 792 1819 scelerum,
818 1785 923 1823 quae
945 1774 1084 1811 custos
1105 1771 1290 1812 Gallicus
1311 1772 1425 1813 urbis

194 1852 325 1890 usque
346 1851 369 1877 a
389 1837 565 1876 lucifero
585 1836 716 1875 donec
736 1836 810 1875 lux
831 1836 994 1875 occidat
1013 1836 1134 1875 audit
1148 1838 1166 1875 ?

193 1903 369 1943 humani
391 1901 553 1954 generis
573 1914 706 1940 mores
729 1901 803 1940 tibi
826 1914 943 1940 nosse
965 1901 1121 1940 volenti

194 1968 348 2008 sufficit
369 1980 454 2006 una
474 1967 643 2014 domus;
674 1979 828 2018 paucos
848 1979 1045 2005 consume
1066 1966 1153 2005 dies
1173 1969 1215 2006 et

195 2034 330 2072 dicere
352 2036 392 2071 te
413 2031 627 2078 miserum,
651 2034 873 2082 postquam
897 2031 1013 2070 illinc
1034 2031 1209 2079 veneris,
1232 2033 1351 2071 audo.

197 2098 290 2150 quis
311 2097 525 2136 tumidum
547 2100 698 2147 guttur
719 2096 898 2135 miratur
919 2096 961 2134 111
983 2096 1164 2148 Alpibus
1184 2100 1259 2136 aut
1279 2096 1373 2148 quis

198 2164 240 2201 111
263 2163 402 2201 Meroe
425 2175 557 2200 crasso
578 2161 776 2200 maiorem
799 2161 960 2200 infante
981 2161 1210 2200 mamillam
1225 2163 1243 2200 ⁴?

198 2227 360 2267 caerula
382 2227 475 2277 quis
496 2226 662 2277 stupuit
684 2225 882 2265 Germani
904 2226 1079 2273 lumina,
1104 2226 1249 2265 flavam

199 2291 417 2332 caesariem
439 2294 479 2330 et
500 2290 668 2330 madido
690 2293 957 2342 torquentem
978 2304 1135 2330 cornua
1154 2291 1260 2330 cirro
1274 2292 1292 2329 ‘?

200 2370 349 2408 nempe
371 2356 481 2407 quod
502 2355 603 2395 haec
624 2355 706 2395 illis
726 2358 878 2395 natura
897 2358 959 2395 est
979 2355 1173 2395 omnibus
1194 2369 1291 2394 una.

201 2422 252 2462 ad
274 2420 431 2461 subitas
451 2419 661 2460 Thracum
684 2420 871 2460 volucres
890 2419 1129 2472 nubemque
1149 2433 1339 2460 sonoram

1565 344 1640 382 135

1566 668 1643 707 140

1568 994 1644 1033 145

1570 1319 1647 1358 150

1572 1644 1648 1683 155

1574 1945 1650 2007 16'0

1576 2290 1651 2331 165
