1778 2693
158 130 211 170 62
650 140 687 167 l).
724 139 849 167 IVNII
880 139 1132 167 IVVENALIS

159 240 331 279 nomina
351 239 575 286 delectant,
600 252 767 278 omnem
789 238 988 278 Titanida
1008 252 1195 291 pugnam

160 305 269 344 inter
290 304 463 344 maiores
484 304 704 356 ipsumque
728 303 978 343 Promethea
998 317 1141 355 ponas,

160 370 209 408 de
231 383 493 421 quocumque
516 369 625 408 voles
646 382 847 420 proavum
871 369 947 407 tibi
969 369 1124 408 sumito
1146 367 1261 409 libro'.

160 435 268 486 quod
291 435 322 473 si
344 434 613 486 praecipitem
636 433 744 485 rapit
765 433 938 473 ambitio
959 438 1082 485 atquc
1104 434 1246 481 libido,

159 499 190 538 si
213 500 373 551 frangis
394 500 529 550 virgas
549 499 753 538 sociorum
776 499 820 538 in
841 499 1058 550 sanguine,
1083 499 1115 538 si
1138 502 1177 537 to

159 563 369 603 delectant
390 563 556 602 hebetes
575 563 680 602 lasso
702 563 846 602 lictore
867 576 1042 610 secures,

160 628 308 679 incipit
330 628 513 678 ipsorum
535 631 681 667 contra
702 631 743 666 te
765 632 872 667 stare
893 631 1116 680 parentum

160 693 354 732 nobilitas
375 693 611 744 claramque
628 693 763 732 facem
783 693 996 744 praeferre
1016 693 1236 744 pudendis.

159 771 281 796 omne
301 757 431 796 animi
454 757 604 796 vitium
628 760 746 796 tanto
766 757 1029 807 conspectius
1050 757 1093 796 in
1114 770 1155 796 se

159 823 315 861 crimen
337 822 476 869 habet,
502 825 659 873 quanto
679 822 811 861 maior
832 821 904 873 qui
924 824 1069 874 peccat
1088 822 1278 862 habetur.

159 901 240 938 quo
261 887 366 926 mihi
387 893 428 926 te
449 887 620 926 solitum
641 886 766 926 falsas
786 886 950 938 signare
971 887 1144 926 tabellas

159 952 202 991 in
224 952 391 1004 templis
412 965 516 1003 quae
536 952 638 991 fecit
657 965 772 999 avus,
797 955 1062 1004 statuamque
1084 952 1268 1004 parentis

158 1020 254 1056 ante
276 1017 575 1069 triumphalem
590 1018 608 1055 Ῥ
666 1030 761 1068 quo,
786 1017 818 1055 si
842 1020 1074 1056 nocturnus
1093 1017 1259 1056 adulter

160 1089 347 1134 tempora
368 1081 594 1121 Santonico
617 1082 724 1121 velas
743 1082 944 1134 adoperta
963 1082 1160 1121 cucullo?

212 1153 375 1198 praeter
395 1147 600 1186 maiorum
621 1147 780 1186 cineres
800 1150 924 1199 atque
945 1160 1034 1186 ossa
1055 1147 1212 1186 volucri

158 1215 355 1264 carpento
377 1212 539 1264 rapitur
559 1211 729 1263 pinguis
752 1212 997 1259 Lateranus,
1021 1215 1063 1251 et
1084 1212 1185 1264 ipse,

157 1277 244 1328 ipse
265 1282 398 1316 rotam
419 1276 647 1327 adstringit
668 1277 901 1316 sufflamine
923 1277 1054 1316 mulio
1075 1277 1235 1324 consul,

157 1346 278 1381 nocte
300 1341 483 1393 quidem,
507 1341 578 1380 sed
601 1340 722 1380 Luna
744 1341 870 1389 videt,
891 1342 961 1381 sed
983 1341 1118 1381 sidera
1138 1344 1262 1381 testes

157 1407 388 1445 intendunt
408 1407 562 1445 oculos.
624 1406 793 1445 finitum
815 1408 981 1458 tempus
1000 1406 1170 1446 honoris

157 1485 252 1511 cum
274 1471 418 1518 fuerit,
443 1471 552 1510 clara
573 1471 804 1510 Lateranus
832 1471 925 1510 luce
946 1471 1159 1522 flagellum

156 1539 294 1575 sumet
314 1539 356 1575 et
375 1548 593 1574 occursum
615 1549 847 1587 numquam
869 1535 1100 1586 trepidabit
1119 1535 1240 1575 amici

157 1601 238 1640 iam
259 1600 367 1640 senis
387 1613 433 1639 ac
454 1600 570 1652 virga
591 1600 704 1653 prior
723 1603 883 1639 annuet
902 1603 1028 1651 atque
1048 1600 1257 1652 maniplos

156 1666 286 1705 solvet
305 1668 347 1704 et
367 1665 567 1704 infundet
587 1665 788 1704 iumentis
808 1665 964 1704 hordea
984 1665 1113 1705 lassis.

156 1731 329 1777 interea,
355 1731 457 1769 dum
477 1730 638 1769 lanatas
658 1730 891 1781 robumque
912 1729 1137 1769 iuvencum

156 1809 269 1835 more
291 1795 455 1834 Numae
475 1794 624 1842 caedit,
649 1794 758 1834 Iovis
778 1797 875 1834 ante
895 1794 1044 1834 altaria
1067 1795 1177 1834 iurat

157 1861 284 1899 solam
307 1860 499 1912 Eponam
521 1863 564 1898 et
583 1859 709 1899 facies
729 1859 841 1898 olida
861 1859 912 1898 ad
934 1859 1149 1911 praesepia
1169 1859 1316 1911 pictas.

157 1925 225 1964 sed
247 1938 343 1964 cum
366 1924 586 1976 pervigiles
606 1924 743 1976 placet
764 1923 997 1963 instaurare
1018 1924 1206 1976 popinas,

156 1989 301 2029 obvius
321 1990 495 2028 adsiduo
517 1989 806 2041 Syrophoenix
827 1992 980 2028 unctus
1000 2002 1164 2028 amomo

156 2054 302 2101 currit,
327 2054 545 2105 Idymaeae
567 2053 855 2106 Syrophoenix
876 2053 1013 2093 incola
1033 2057 1176 2105 portae

155 2118 331 2170 hospitis
351 2119 522 2158 adfectu
542 2118 761 2158 dominum
784 2131 1010 2170 regemque
1031 2118 1198 2166 salutat,

155 2186 197 2223 et
217 2197 313 2223 cum
334 2183 469 2222 venali
492 2183 630 2235 Cyane
651 2183 864 2223 succincta
883 2183 1047 2235 lagona.

155 2248 350 2288 defensor
369 2248 516 2300 culpae
536 2248 647 2287 dicet
666 2248 772 2287 mihi
797 2248 806 2266 ‘
822 2248 1000 2287 fecimus
1021 2250 1063 2287 et
1085 2261 1157 2287 nos

155 2313 257 2352 haec
277 2312 480 2352 iuvenes?
540 2316 640 2359 esto,
665 2312 808 2352 desisti
829 2325 981 2364 nempe
1004 2325 1079 2352 nec
1100 2313 1211 2352 ultra

154 2377 296 2417 fovisti
317 2390 510 2417 errorem.
571 2377 693 2416 breve
713 2377 767 2416 sit
788 2377 898 2428 quod
921 2377 1104 2428 turpiter
1122 2377 1269 2426 audes;

155 2441 359 2494 quaedam
380 2454 477 2480 cum
498 2441 634 2493 prima
654 2445 892 2481 resecentur
912 2441 1090 2481 crimina
1109 2441 1247 2481 barba.

1539 437 1613 474 135

1538 760 1614 799 140

1538 1086 1613 1124 145

1537 1410 1613 1456 150

1536 1733 1612 1772 155

1535 2056 1612 2095 160

1533 2380 1609 2418 165
