1778 2693
185 136 208 176 8
669 145 706 175 D.
744 145 870 173 IVNII
903 145 1158 175 IVVENALIS

183 249 334 285 notum
358 249 420 286 est
443 259 517 286 0111·
538 246 625 285 solo
648 246 814 285 tabulas
840 246 1073 298 inpleverit
1097 247 1244 288 Hister

182 311 349 357 liberto,
376 312 539 350 dederit
564 312 683 351 vivus
706 326 780 351 cur
804 313 939 351 inulta
961 314 1137 365 puellae.

182 376 297 415 dives
320 377 397 415 erit
422 390 574 428 magno
597 390 703 428 quae
725 377 883 416 dormit
904 379 1033 418 tertia
1052 379 1176 420 lecto.

181 447 228 480 tu
252 442 363 480 nube
386 450 513 493 atquc
536 448 627 480 tace
648 456 655 480 :
688 443 851 481 donant
873 457 1026 483 arcana
1048 445 1273 496 cylindros.

181 507 231 545 de
254 507 373 545 nobis
396 516 489 558 post
514 507 616 546 haec
639 507 774 547 tristis
797 509 1010 548 sententia
1031 510 1195 549 fertur?

181 572 253 610 dat
276 572 440 610 veniam
461 573 611 619 corvis,
636 578 761 612 vexat
785 587 963 613 censura
987 575 1234 614 columbas.'

234 637 439 687 fugerunt
463 638 619 689 trepidi
643 651 740 677 vera
761 652 808 677 ac
830 639 1058 678 manifesta
1079 643 1303 680 canentem

180 701 382 741 stoicidae
401 716 411 751 3
442 702 544 754 quid
567 703 679 741 enim
700 703 797 742 falsi
820 703 1034 743 Laronia?
1090 705 1162 743 sed
1184 705 1287 756 quid

179 779 264 805 non
287 767 447 806 facient
469 768 556 815 alii,
582 781 679 807 cum
702 772 748 807 tu
771 768 965 808 multicia
986 782 1139 816 sumas,

182 831 361 879 Cretice,
387 836 429 871 et
450 832 560 872 hanc
583 837 744 872 vestem
766 833 926 885 populo
950 833 1132 872 mirante
1153 847 1322 885 perores

179 896 222 934 111
246 896 446 936 Proculas
468 903 509 936 et
532 897 728 937 Pollittas
751 898 768 937 t>
825 901 887 937 est
908 898 1085 938 moecha
1105 898 1298 946 Fabulla,

180 961 407 1000 damnetur
429 962 461 1001 si
485 963 561 1010 vis,
587 963 715 1001 etiam
739 962 923 1002 Carfinia
944 963 1074 1002 talem

178 1039 262 1065 non
286 1035 424 1065 sumet
448 1027 649 1066 damnata
671 1030 829 1079 togam.
894 1031 906 1047 ‘
923 1028 995 1067 sed
1018 1027 1153 1067 Iulius
1174 1028 1309 1076 ardet,

178 1091 357 1130 acstuo.’
413 1092 555 1131 nudus
577 1105 675 1144 agas
696 1106 703 1130 :
736 1092 878 1131 minus
900 1095 963 1131 est
984 1092 1150 1132 insania
1170 1093 1322 1145 turpis.

146 1170 151 1174 ’
179 1168 229 1193 011
251 1155 448 1194 habitum
471 1169 554 1208 quo
576 1160 617 1195 tc
639 1156 752 1208 leges
775 1170 821 1196 ac
844 1157 939 1196 iura
959 1157 1170 1196 ferentem
1205 1179 1209 1183 -

178 1220 425 1259 vulneribus
449 1221 590 1259 crudis
612 1221 797 1273 populus
818 1222 944 1261 modo
966 1221 1104 1261 victor
1125 1225 1167 1261 et
1187 1222 1296 1262 illud

178 1289 431 1323 montanum
453 1285 602 1337 positis
623 1286 791 1325 audiret
809 1286 963 1338 vulgus
984 1286 1147 1326 aratris.

177 1349 280 1400 quid
302 1363 386 1388 11011
403 1350 650 1401 proclames,
676 1350 718 1389 in
743 1363 918 1402 corpore
939 1350 1093 1390 iudicis
1115 1351 1196 1390 ista

177 1414 210 1452 si
232 1414 373 1453 videas
395 1414 411 1453 Ρ
467 1428 623 1466 quaero
645 1428 699 1454 an
721 1415 901 1454 deceant
922 1415 1118 1455 multicia
1138 1418 1306 1456 testem.

176 1492 270 1517 acer
292 1483 333 1517 et
356 1479 592 1519 indomitus
612 1479 910 1532 libertatisque
933 1480 1147 1532 magister,

178 1543 358 1591 Cretice,
382 1545 586 1596 perluces.
649 1545 768 1584 dedit
790 1545 899 1584 hanc
922 1545 1119 1597 contagio
1139 1546 1278 1585 labem

176 1612 217 1647 et
238 1608 355 1647 dabit
378 1609 421 1647 111
442 1609 598 1661 plures,
624 1609 735 1649 sicut
752 1623 854 1661 grex
876 1613 993 1649 totus
1014 1610 1057 1648 in
1075 1610 1186 1662 agris

176 1673 303 1712 unius
325 1674 463 1713 scabie
486 1675 600 1713 cadit
623 1678 664 1713 et
686 1675 904 1727 porrigine
924 1675 1042 1727 porci

175 1751 341 1790 uvaque
364 1743 590 1790 conspecta
609 1739 786 1778 livorem
809 1740 929 1778 ducit
951 1740 1002 1778 ab
1024 1753 1117 1779 uva.

174 1803 341 1842 foedius
358 1803 437 1842 1100
459 1804 621 1855 aliquid
643 1804 898 1856 quandoque
920 1805 1094 1843 audebis
1116 1805 1291 1853 amictu,

175 1880 298 1907 nemo
319 1876 494 1920 repente
514 1868 600 1907 fuit
621 1869 906 1920 turpissimus.
968 1869 1179 1921 accipient
1199 1872 1241 1908 te

174 1933 381 1984 paulatim
405 1933 477 1984 qui
497 1933 627 1985 longa
648 1933 763 1973 domi
784 1934 1038 1973 redimicula
1059 1937 1236 1973 sumunt

174 1997 389 2036 frontibus
412 2001 453 2036 et
475 2002 567 2037 toto
588 2011 766 2050 posuere
789 1998 965 2037 monilia
987 1998 1094 2037 collo

173 2065 301 2112 atque
323 2062 477 2100 bonam
498 2066 667 2101 tenerae
688 2062 861 2114 placant
882 2063 1107 2102 abdomine
1128 2076 1280 2115 porcae

173 2130 213 2164 et
237 2139 390 2177 magno
413 2130 574 2166 cratere
597 2127 731 2166 deam.
794 2128 867 2166 sed
888 2141 1002 2167 more
1025 2128 1198 2167 sinistro

173 2190 387 2242 exagitata
408 2191 556 2242 procul
577 2205 663 2231 11011
684 2192 818 2231 intrat
839 2192 1001 2231 femina
1020 2192 1151 2231 limen
1171 2206 1178 2231 :

173 2255 270 2294 solis
292 2268 362 2294 ara
384 2256 485 2294 deae
507 2256 693 2295 maribus
715 2259 847 2308 patet.
914 2257 1000 2296 ‘ite
1021 2257 1226 2308 profanae
1240 2256 1254 2274 '

173 2319 381 2358 clamatur
406 2324 416 2340 ‘
432 2320 551 2359 nullo
573 2321 705 2372 gemit
726 2321 795 2360 hic
818 2321 996 2360 tibicina
1016 2321 1181 2360 cornU.’

172 2384 273 2422 talia
295 2388 455 2423 secreta
476 2385 701 2424 coluerunt
723 2385 840 2437 orgia
860 2386 985 2425 taeda

173 2447 420 2500 Cecropiam
442 2449 557 2488 soliti
580 2449 741 2501 Baptae
761 2449 915 2489 lassare
939 2450 1138 2502 Cotyton.

1584 383 1636 422 60

1583 707 1633 745 65

1581 1029 1633 1071 70

1581 1354 1630 1394 '75

1578 1679 1629 1717 80

1575 2002 1626 2042 85

1573 2324 1624 2362 90
