1778 2693
764 118 939 159 sATvssA
972 130 1020 158 vr

156 235 459 274 testamentum
480 231 631 284 ingens
651 231 809 271 calidae
829 231 1032 283 pulmone
1052 231 1268 271 columbae

155 300 334 338 tractato
355 296 583 336 Armenius
605 296 667 335 vel
691 296 999 348 Commagenus
1019 295 1246 348 liaruspex;

155 365 324 416 pectora
344 362 559 415 pullorum
581 361 818 409 rimabitur,
842 366 937 401 exta
958 361 1111 408 catelli,

155 428 369 468 interdtun
393 430 436 467 et
455 426 596 480 pueri3
628 426 889 479 facietcpiod
912 426 1196 478 deferatipse.

157 493 376 534 Chaldaeis
396 493 467 532 sed
488 492 619 532 maior
640 492 720 532 erit
742 492 913 540 fiducia3
946 491 1153 544 quidquid

155 559 309 599 dixerit
329 558 576 610 astrologus,
601 558 777 597 credent
796 571 819 597 a
839 558 958 597 fonte
979 557 1159 597 relatum

155 624 422 671 Hammonis,
447 623 645 676 quoniam
668 623 847 675 Delphis
868 623 1036 662 oracula
1055 624 1218 662 cessant

154 692 197 730 et
219 703 352 742 genus
372 689 608 728 humanum
629 689 805 728 damnat
825 688 959 740 caligo
979 688 1131 727 futuri.

154 756 405 808 praecipuus
426 757 567 794 tamen
588 757 650 794 est
670 754 838 802 horum,
864 754 935 806 qui
958 753 1121 806 saepius
1141 753 1254 802 exul,

155 819 1031 871 cuiusanncstkiconducendaquetabeHa

155 899 334 938 magnus
354 885 456 925 civis
476 884 564 924 obit
584 887 626 924 et
646 884 901 924 formidatus
923 883 1098 924 Othoni.

155 950 253 991 inde
274 951 376 990 fides
395 950 511 998 artis,
535 949 678 990 sonuit
699 950 731 989 si
753 950 927 989 dextera.
946 949 1060 989 ferro

154 1016 365 1068 laevaque,
390 1015 422 1055 si
445 1015 571 1066 longo
591 1018 824 1055 castrorum
846 1014 890 1054 in
911 1027 1074 1055 carcere
1095 1014 1264 1054 mansit.

154 1094 278 1121 nemo
298 1080 622 1120 mathematicus
642 1080 814 1132 genium
836 1079 1108 1120 indemnatus
1128 1079 1313 1128 habebit,

155 1149 224 1186 sed
247 1148 318 1199 qui
339 1159 472 1199 paene
492 1147 617 1198 perit,
642 1146 710 1185 cui
731 1145 800 1185 vix
821 1145 866 1185 in
889 1145 1070 1197 Cyclada
1091 1145 1205 1184 mitti

155 1211 335 1264 contigit
355 1214 397 1251 et
417 1225 545 1264 parva
565 1211 736 1251 tandem
758 1211 937 1251 caruisse
960 1210 1151 1263 Seripho.

154 1276 338 1317 consulit
358 1276 548 1316 ictericae
570 1276 686 1316 lento
707 1277 758 1316 de
779 1277 928 1316 funere
950 1276 1110 1323 matris,

154 1345 252 1382 ante
273 1345 414 1382 tamen
437 1342 488 1381 de
509 1344 549 1381 te
571 1341 779 1394 Tanaquil
801 1344 888 1389 tua,
914 1342 1083 1393 quando
1104 1355 1287 1381 sororem

155 1408 303 1447 efferat
323 1410 365 1446 et
384 1411 571 1460 patruos,
594 1421 645 1446 an
669 1407 723 1446 sit
744 1407 935 1446 victurus
954 1407 1121 1446 adulter

156 1475 249 1525 post
268 1472 422 1524 ipsam3
454 1472 553 1524 quid
577 1472 690 1512 enim
711 1472 846 1511 maius
866 1472 964 1511 dare
987 1471 1161 1511 numina
1181 1475 1358 1524 possunt
1371 1472 1390 1510 ⁶?

155 1537 233 1577 hae
254 1540 396 1576 tamen
418 1537 617 1588 ignorant
638 1537 741 1589 quid
763 1537 879 1577 sidus
900 1537 1020 1577 triste
1041 1537 1228 1576 minetur

157 1602 343 1650 Saturni,
369 1615 451 1654 quo
472 1602 580 1642 laeta
603 1602 746 1642 Venus
766 1616 807 1642 se
829 1603 1016 1654 proferat
1035 1604 1160 1649 astro,

156 1668 249 1721 quis
269 1667 423 1708 mensis
443 1668 622 1715 damnis,
648 1681 753 1720 quae
773 1668 930 1708 dentur
950 1670 1141 1721 tempora,
1159 1667 1296 1708 lucro:

155 1734 270 1773 illius
289 1747 484 1773 occursus
504 1733 631 1773 etiam
653 1733 784 1773 vitare
806 1736 1033 1780 memento,

156 1799 199 1839 in
221 1798 340 1839 cuius
360 1798 555 1839 manibus
575 1811 650 1838 ceu
673 1798 850 1851 pinguia
870 1798 1015 1839 sucina
1035 1798 1156 1839 tritas

155 1864 290 1904 cernis
309 1863 612 1916 ephemeridas,
637 1877 742 1915 quae
764 1864 931 1903 nullum
952 1864 1134 1904 consulit
1155 1867 1197 1904 et
1216 1864 1299 1903 iam

155 1929 404 1977 consulitur,
430 1942 534 1981 quae
555 1932 689 1968 castra
709 1929 798 1968 viro
819 1929 1083 1981 patriamque
1103 1931 1272 1981 petente

155 2008 241 2035 non
263 1994 341 2035 ibit
362 1994 520 2047 pariter
541 1995 727 2034 numeris
748 1997 939 2034 revocata
961 1993 1186 2046 Thrasylli.

155 2061 207 2100 ad
228 2060 414 2113 primum
437 2060 619 2112 lapidem
641 2059 796 2099 vectari
819 2073 915 2099 cum
938 2059 1089 2111 placet,
1115 2059 1217 2098 hora.

156 2125 339 2165 sumitur
359 2139 408 2165 ex
430 2125 554 2174 libro3
587 2125 619 2164 si
642 2125 782 2177 prurit
803 2125 954 2163 frictus
976 2124 1094 2164 ocelli

155 2191 350 2243 angulus,
377 2190 564 2243 inspecta
584 2190 723 2242 genesi
745 2190 917 2241 collyria
938 2190 1091 2241 poscit3

155 2269 278 2308 aegra
297 2256 396 2295 licet
416 2256 560 2301 iaceat,
585 2255 787 2307 capiendo
809 2255 927 2294 nulla
949 2255 1115 2295 videtur

155 2322 294 2373 aptior
313 2321 416 2361 hora
435 2321 527 2361 cibo
547 2321 629 2360 nisi
652 2334 776 2373 quam
799 2320 962 2360 dederit
984 2320 1193 2360 Petosiris.

156 2386 187 2426 si
211 2387 433 2426 mediocris
451 2387 544 2433 erit,
570 2386 753 2439 spatium
776 2386 973 2425 lustrabit
994 2386 1208 2438 utrimque

157 2454 364 2492 metarum
385 2454 428 2492 et
448 2454 578 2492 sortes
597 2451 724 2491 ducet
743 2451 1013 2504 frontemque
1033 2464 1289 2504 manumque

1563 130 1618 171 47

1543 296 1620 334 550

1543 951 1620 989 560

1544 1278 1620 1314 565

1543 1604 1622 1644 570

1543 2256 1621 2295 580
