1778 2693
750 127 928 157 SATVRA
959 128 1007 157 VI

141 233 255 271 certe
276 242 403 270 sanus
425 241 528 268 eras.
591 241 781 276 uxorem,
808 228 1025 277 Postume,
1051 229 1172 269 ducis
1195 229 1213 269 ?

141 295 223 343 dic,
249 307 332 347 qua
354 293 602 345 Tisiphone,
628 293 783 345 quibus
805 293 1021 345 exagitare
1043 293 1228 333 colubris
1250 293 1268 333 Ρ

140 361 251 400 serre
273 363 391 412 potes
413 358 631 398 dominam
653 358 777 397 salvis
800 361 865 397 tot
887 358 1071 398 restibus
1094 359 1240 407 ullam,

141 438 239 465 cum
260 427 436 477 pateant
458 423 568 462 altae
590 422 908 475 caligantesque
931 423 1159 471 fenestrae,

141 503 239 530 cum
261 489 339 529 tibi
360 489 550 529 vicinum
573 501 614 527 se
636 488 837 540 praebeat
860 489 1069 528 Aemilius
1090 502 1197 541 pons
1220 489 1237 529 Ρ

141 558 216 595 aut
237 555 270 595 si
292 555 342 594 de
365 554 512 593 multis
533 553 678 592 nullus
700 553 840 605 placet
862 554 1016 601 exitus,
1041 554 1150 594 illud

140 633 282 660 nonne
303 624 429 672 putas
451 618 616 665 melius,
644 618 757 670 quod
783 622 926 657 tecum
948 619 1072 671 pusio
1094 618 1253 659 dormit
1272 617 1290 659 Ρ

140 685 262 738 pusio
284 685 357 737 qui
380 688 511 724 noctu
534 697 619 723 non
643 683 802 735 litigat,
830 684 963 736 exigit
986 698 1010 724 a
1031 689 1074 724 te

140 751 259 790 nulla
280 751 421 790 iacens
443 749 529 788 illic
553 749 825 796 munuscula,
852 763 929 789 nee
953 750 1150 802 queritur
1171 750 1286 802 quod

141 819 183 856 et
203 815 327 855 lateri
349 828 495 867 pareas
516 827 594 853 nec
617 818 830 866 quantum
852 814 975 854 iussit
999 815 1185 855 anheles.

194 881 267 921 sed
288 880 428 933 placet
450 879 622 919 Vrsidio
642 879 709 918 lex
732 879 857 927 Iulia,
885 880 1033 919 tollere
1057 880 1227 920 dulcem

141 947 303 998 cogitat
324 945 539 991 heredem,
566 944 780 983 cariturus
804 948 975 984 turture
998 958 1154 997 magno

141 1011 457 1063 mullorumque
478 1010 588 1049 iubis
611 1012 653 1049 et
675 1013 895 1062 captatore
917 1010 1108 1050 macello.

141 1076 244 1129 quid
267 1075 356 1115 fieri
377 1089 463 1115 non
486 1088 606 1127 posse
638 1078 779 1127 putes,
806 1075 840 1115 si
863 1075 1062 1127 iungitur
1085 1076 1174 1116 ulla

140 1141 312 1182 Vrsidio
332 1141 349 1182 Ρ
405 1140 438 1180 Si
461 1140 737 1180 moechorum
761 1140 1010 1180 notissimus
1033 1141 1136 1180 olim

140 1207 274 1246 stulta
295 1205 480 1245 maritali
502 1205 582 1244 iam
608 1205 790 1257 porrigit
813 1218 885 1244 ora
907 1205 1107 1258 capistro,

141 1285 267 1325 quem
289 1271 448 1311 totiens
467 1271 574 1310 texit,
596 1271 778 1322 perituri
803 1271 910 1310 cista
934 1270 1079 1310 Latini
1105 1271 1122 1311 Ρ

141 1337 243 1390 quid
265 1336 379 1389 quod
401 1339 443 1375 et
464 1336 654 1388 antiquis
678 1349 783 1375 uxor
805 1336 856 1375 de
879 1336 1067 1376 moribus
1093 1337 1155 1376 illi

140 1402 362 1454 quaeritur
381 1401 398 1441 ‚⁹
454 1414 477 1440 o
499 1401 668 1448 medici,
694 1401 869 1440 nimia-m
893 1402 1143 1453 pertundit-e
1165 1416 1330 1444 venam.

141 1467 313 1506 delicias
335 1466 532 1506 hominis.
595 1466 826 1518 Tarpeium
848 1467 979 1506 limen
1001 1467 1130 1506 adora

140 1545 300 1585 pronus
321 1534 362 1571 et
384 1534 579 1570 auratam
605 1531 762 1570 Iunoni
787 1532 914 1571 caede
938 1532 1179 1581 iuvencam,

141 1597 174 1637 si
199 1597 274 1636 tibi
297 1596 528 1648 contigerit
550 1596 702 1648 capitis
726 1600 922 1636 matrona
943 1597 1104 1649 pudici.

140 1675 300 1714 paucae
322 1661 426 1701 adeo
445 1660 608 1700 Cereris
630 1661 760 1701 vittas
782 1662 1032 1714 contingere
1055 1663 1225 1715 dignae,

142 1740 323 1779 quarum
344 1739 430 1766 non
452 1726 602 1765 timeat
624 1731 745 1778 pater
767 1727 923 1766 oscula.
986 1731 1111 1768 necte
1133 1742 1334 1769 coronam

142 1791 336 1844 postibus
357 1795 399 1831 et
421 1791 573 1831 densos
595 1805 670 1844 per
687 1792 836 1831 limina
858 1793 986 1832 tende
1009 1794 1231 1845 corymbos
1255 1808 1263 1834 :

144 1869 254 1896 unus
277 1856 509 1896 Hiberinae
531 1856 595 1895 vir
618 1857 776 1896 sufficit
799 1856 817 1896 Ρ
874 1858 991 1897 ocius
1013 1857 1122 1898 illud

143 1921 428 1974 extorquebis,
455 1924 503 1960 ut
525 1921 628 1961 haec
651 1922 774 1961 oculo
797 1926 1001 1962 contenta
1023 1923 1077 1963 sit
1099 1937 1197 1964 uno.

142 1999 297 2039 magna
318 1989 461 2026 tamen
484 1987 598 2026 fama
620 1990 683 2026 est
707 1987 930 2027 cuiusdam
953 2001 1050 2028 rure
1073 1992 1254 2041 paterno

143 2051 339 2091 viventis.
402 2051 518 2091 vivat
542 2052 702 2095 Gabiis,
731 2056 779 2091 ut
803 2053 909 2092 vixit
932 2053 973 2092 in
998 2067 1114 2105 agre,

143 2115 259 2155 vivat
281 2115 468 2161 Fidenis,
493 2119 535 2155 et
556 2117 693 2168 agello
715 2117 818 2156 cedo
840 2122 1031 2169 paterno.

143 2180 238 2232 quis
260 2183 402 2220 tamen
425 2181 623 2221 adfirmat
646 2182 703 2221 nil
727 2187 872 2221 actum
896 2183 937 2221 in
963 2184 1181 2224 montibus
1201 2188 1277 2224 aut
1299 2185 1342 2225 in

143 2244 358 2297 speluncis
380 2245 398 2285 ?
455 2247 560 2286 adeo
583 2253 819 2286 senuerunt
843 2248 1039 2300 Iuppiter
1061 2253 1103 2288 et
1127 2249 1238 2289 Mars
1261 2250 1278 2289 Ρ

197 2310 490 2361 porticibusne
514 2312 591 2351 tibi
615 2316 877 2351 monstratur
900 2314 1061 2353 femina
1082 2318 1180 2354 voto

144 2373 275 2426 digna
296 2378 371 2415 tuo
393 2375 411 2415 Ρ
466 2376 612 2416 cuneis
633 2390 687 2416 an
709 2377 868 2416 liabent
890 2379 1135 2430 spectacula
1156 2380 1258 2419 totis

144 2438 259 2488 quod
280 2451 454 2480 securus
475 2453 589 2481 ames
610 2441 809 2495 quodque
831 2442 930 2484 inde
951 2456 1176 2497 excerpere
1196 2446 1330 2499 possis
1350 2446 1368 2487 ?

1552 131 1599 171 31

1552 360 1604 398 30

1552 1014 1605 1052 40

1553 1342 1604 1380 45

1551 1668 1603 1705 50

1557 2320 1607 2355 60
