1778 2693
729 117 906 146 SATVRA
939 118 986 145 xl

128 230 212 258 non
233 217 489 270 praematuri
511 217 670 258 cineres
692 231 766 258 nec
788 218 919 258 funus
939 218 1135 258 acerbum

125 283 330 330 luxuriae,
355 282 425 322 sed
446 285 580 323 morte
603 282 734 335 magis
755 284 982 323 metuenda
1002 287 1206 324 senectus.

126 349 170 389 hi
191 349 440 401 plerumque
461 349 633 400 gradus:
666 349 876 389 conducta
897 350 1075 402 pecunia
1097 351 1251 391 Romae

123 417 166 455 et
185 427 323 454 coram
345 413 527 453 dominis
547 414 830 464 consumitur3
862 415 960 455 inde
982 416 1052 455 ubi
1074 416 1247 468 paulum

124 480 261 520 nescio
281 480 384 533 quid
406 483 593 532 superest
614 483 657 520 et
677 480 808 533 pallet
828 481 1012 521 faenoris
1031 484 1190 528 auctor,

123 546 196 598 qui
217 549 377 586 vertere
398 546 548 593 solum,
574 546 695 586 Baias
715 550 756 586 et
776 547 827 586 ad
849 550 983 586 ostrea
1003 549 1196 586 currunt.

122 611 268 651 cedere
289 624 471 664 namque
491 612 584 651 foro
605 611 687 651 iam
709 625 792 651 non
815 616 876 651 est
897 612 1082 652 deterius
1102 624 1230 664 quam

122 676 333 729 Esquilias
352 690 376 716 a
395 676 578 716 ferventi
601 677 782 729 migrare
803 677 982 717 Subura.

121 741 192 782 ille
212 742 332 782 dolor
352 742 463 782 solus
483 742 665 794 patriam
686 742 966 793 fugientibus,
992 742 1064 781 illa

121 807 333 847 maestitia
351 810 427 855 est,
451 807 629 847 caruisse
650 820 761 847 anno
781 807 1038 847 circensibus
1057 821 1157 847 uno.

120 872 338 924 sanguinis
358 873 402 911 in
423 872 529 912 facie
551 886 636 912 non
657 872 800 912 haeret
820 876 956 924 gutta,
981 875 1202 912 morantur

120 938 243 990 pauci
265 938 495 977 ridiculum
515 940 557 977 et
576 938 815 989 fugientem
835 951 886 977 ex
907 938 1008 978 urbe
1030 939 1250 990 pudorem,

173 1003 385 1055 experiere
405 1003 530 1043 hodie
551 1003 760 1055 numquid
782 1002 1066 1055 pulcherrima
1087 1003 1220 1051 dictu,

121 1068 297 1116 Persice,
321 1082 405 1109 non
427 1071 633 1121 praestem
654 1068 764 1108 vitae
785 1068 863 1108 tibi
884 1069 1071 1108 moribus
1091 1071 1132 1108 et
1153 1082 1211 1116 re,

119 1134 151 1174 si
173 1134 341 1174 laudem
362 1134 534 1186 siliquas
553 1134 744 1174 occultus
764 1147 910 1185 ganeo,
935 1134 1074 1186 pultes

119 1213 257 1240 coram
287 1199 378 1240 aliis
398 1200 554 1240 dictem
574 1213 706 1252 puero
727 1200 797 1240 sed
818 1199 863 1238 in
883 1212 984 1239 aure
1005 1200 1230 1252 placentas.

118 1278 217 1305 nam
237 1278 333 1305 cum
355 1265 409 1305 sis
428 1264 602 1305 conviva
623 1264 728 1304 mihi
750 1264 991 1317 promissus,
1016 1264 1186 1305 habebis

120 1330 386 1378 Euandrum,
411 1330 550 1370 venies
571 1330 823 1382 Tirynthius
842 1334 917 1370 aut
938 1330 1076 1370 minor
1098 1330 1170 1370 illo

118 1396 281 1448 hospes,
305 1399 348 1435 et
368 1395 454 1448 ipse
474 1398 615 1435 tamen
636 1395 885 1447 contingens
905 1395 1109 1447 sanguine
1129 1396 1305 1444 caelum,

118 1461 224 1501 alter
244 1460 377 1513 aquis,
401 1461 506 1500 alter
527 1460 706 1500 flammis
726 1461 777 1500 ad
799 1460 935 1500 sidera
956 1460 1119 1500 missus.

118 1526 279 1566 fereula
300 1539 413 1565 nunc
433 1525 533 1565 audi
553 1525 683 1564 nullis
703 1528 852 1565 ornata
872 1525 1069 1565 macellis.

118 1591 170 1631 de
190 1591 418 1630 Tiburtino
439 1590 581 1630 veniet
601 1590 904 1643 pinguissimus
924 1604 1024 1642 agro

118 1657 324 1697 haedulus
344 1659 386 1696 et
406 1659 495 1696 toto
515 1669 640 1708 grege
661 1656 840 1704 mollior,
867 1656 1022 1696 inscius
1041 1656 1193 1697 herbae

118 1722 299 1762 necdum
320 1735 444 1762 ausus
465 1721 601 1773 virgas
621 1721 795 1761 humilis
815 1722 1005 1761 mordere
1027 1722 1176 1770 salicti,

118 1787 191 1840 qui
212 1787 308 1839 plus
327 1787 448 1827 lactis
468 1787 594 1826 habet
615 1800 741 1839 quam
763 1786 994 1839 sanguinis,
1019 1790 1062 1827 et
1081 1787 1274 1828 montani

116 1852 321 1905 asparagi,
346 1852 481 1905 posito
503 1865 604 1904 quos
623 1852 728 1904 legit
750 1852 872 1892 vilica
892 1853 1000 1892 fuso.

117 1917 294 1969 grandia
313 1920 528 1969 praeterea
548 1919 742 1969 tortoque
763 1917 943 1956 calentia
962 1917 1086 1957 faeno

117 1995 193 2022 ova
212 1982 369 2022 adsunt
388 1982 489 2034 ipsis
509 1995 605 2021 cum
627 1982 848 2029 matribus,
872 1985 914 2021 et
934 1985 1119 2022 servatae

116 2051 235 2100 parte
256 2047 356 2087 anni
379 2047 522 2099 quales
541 2048 714 2087 fuerant
736 2047 780 2086 in
800 2047 958 2086 vitibus
980 2061 1097 2094 uvae,

117 2112 343 2165 Signinum
369 2113 621 2165 Syriumque
643 2113 799 2166 pirum,
824 2113 874 2152 de
895 2113 1090 2152 corbibus
1111 2113 1243 2153 isdem

115 2178 280 2218 aemula
303 2178 465 2217 Picenis
485 2181 527 2218 et
547 2178 685 2218 odoris
706 2179 813 2218 mala
836 2178 1013 2218 recentis

115 2256 192 2283 nec
213 2244 441 2283 metuenda
462 2243 553 2289 tibi,
578 2243 779 2283 siccatum
802 2244 960 2294 frigore
981 2247 1202 2296 postquam

115 2311 371 2349 autumnum
394 2311 436 2348 et
455 2308 575 2348 crudi
597 2322 771 2361 posuere
792 2309 977 2361 pericula
998 2309 1100 2348 suci.

115 2373 217 2414 haec
236 2374 337 2414 olim
360 2373 491 2413 nostri
513 2374 594 2413 iam
616 2374 832 2413 luxuriosa
852 2378 1021 2413 senatus

114 2452 218 2481 cena
236 2439 334 2479 suit.
398 2439 553 2479 Curius
572 2452 700 2493 parvo
721 2453 828 2492 quae
849 2439 1007 2492 legerat
1027 2439 1150 2481 horto

1541 290 1591 327 45

1537 617 1588 654 50

1535 943 1585 980 55

1535 1269 1585 1307 60

1534 1595 1583 1633 65

1533 1922 1582 1961 ’70

1532 2249 1580 2288 75
