1778 2693
800 170 976 198 SATVRA
1009 169 1035 198 X

238 271 443 312 bellorum
463 271 649 319 exuviae,
674 271 837 311 truncis
857 271 994 311 adfixa
1016 270 1197 323 tropaeis

182 336 310 376 lorica
329 339 371 376 et
390 337 524 376 fracta
545 337 596 376 de
618 336 774 376 casside
796 337 974 377 buccula
995 337 1182 389 pendens

181 404 223 442 et
243 405 413 442 curtum
435 405 601 442 temone
622 402 770 454 iugum
795 403 1009 454 victaeque
1035 402 1216 442 triremis

181 469 366 521 aplustre
387 471 429 508 et
449 482 612 507 summo
636 468 766 507 tristis
788 469 980 520 captivus
1002 468 1042 507 in
1067 482 1164 508 arcu

180 533 378 573 humanis
399 533 554 573 maiora
576 534 694 572 bonis
715 535 961 573 creduntur.
1021 534 1071 573 ad
1094 533 1173 573 hoc
1193 546 1235 573 se

181 599 395 638 Romanus
418 599 651 651 Graiusque
673 602 716 639 et
736 600 936 639 barbarus
959 599 1234 652 induperator

142 717 147 720 .
180 664 325 711 erexit,
350 678 492 704 causas
513 665 770 705 discriminis
791 669 917 717 atque
939 665 1092 705 laboris

181 729 279 769 inde
298 729 468 779 habuit3
501 734 619 770 tanto
640 731 772 770 maior
792 731 928 770 famae
950 730 1040 770 sitis
1061 733 1122 770 est
1143 743 1270 782 quam

181 794 362 834 virtutis.
426 796 519 847 quis
538 796 652 835 enim
674 796 877 836 virtutem
900 796 1173 848 amplectitur
1194 795 1342 847 ipsam,

179 861 364 912 praemia
385 861 418 900 si
440 861 594 901 tollas?
651 862 831 913 patriam
856 865 996 901 tamen
1019 861 1160 901 obruit
1181 860 1282 900 olim

178 926 310 978 gloria
331 939 562 978 paucorum
582 930 624 966 et
644 927 781 966 laudis
801 927 1003 979 titulique
1024 926 1180 978 cupido

179 991 344 1031 haesuri
366 992 473 1032 saxis
493 992 683 1032 cinerum
704 992 963 1040 custodibus,
987 992 1039 1032 ad
1061 1005 1166 1044 quae

178 1057 443 1097 discutienda
463 1057 605 1097 valent
625 1058 777 1097 sterilis
798 1058 907 1098 mala
928 1058 1076 1098 robora
1099 1057 1179 1105 fici,

179 1123 525 1175 quandoquidem
545 1123 644 1163 data
663 1129 763 1162 sunt
784 1123 884 1176 ipsis
906 1136 1073 1175 quoque
1094 1123 1183 1162 fata
1203 1122 1420 1174 sepulcris.

177 1189 366 1240 expende
387 1188 692 1228 Hannibalem:
725 1192 828 1241 quot
849 1189 974 1228 libras
995 1188 1038 1228 in
1061 1189 1167 1228 duce
1188 1201 1353 1227 summo

178 1252 397 1293 invenies?
453 1253 522 1293 hic
541 1259 618 1302 est,
643 1267 768 1306 quem
790 1267 875 1294 non
897 1253 1011 1306 capit
1031 1253 1179 1293 Africa
1200 1252 1350 1296 Mauro

177 1331 372 1371 percussa
393 1332 548 1359 oceano
568 1319 752 1371 Niloque
772 1320 943 1359 admota
964 1319 1126 1372 tepenti

177 1397 322 1424 rursus
341 1385 394 1424 ad
415 1385 676 1437 Aethiopum
697 1386 875 1437 populos
895 1385 1081 1437 aliosque
1103 1384 1383 1436 elephantos?

177 1450 351 1489 additur
371 1450 558 1503 imperiis
579 1450 801 1502 Hispania,
827 1451 1090 1503 Pyrenaeum

178 1516 377 1556 transilit.
438 1516 635 1568 opposuit
655 1520 808 1556 natura
829 1516 1067 1568 Alpemque
1090 1515 1337 1567 nivemque:

177 1581 343 1621 diducit
363 1581 553 1633 scopulos
573 1585 616 1621 et
635 1584 823 1621 montem
845 1581 1008 1633 rumpit
1028 1584 1161 1621 aceto.

178 1646 261 1686 iam
283 1650 397 1686 tenet
419 1646 601 1694 Italiam,
626 1649 768 1686 tamen
791 1647 902 1686 ultra
922 1659 1094 1699 pergere
1115 1646 1267 1685 tendit.

180 1712 190 1730 ‘
206 1715 348 1763 actum
364 1712 374 1729 ⁷
398 1711 540 1764 inquit
563 1712 573 1729 ‘
590 1711 698 1751 nihil
718 1715 794 1759 est,
819 1712 899 1751 nisi
923 1712 1064 1751 Poeno
1085 1711 1219 1751 milite
1240 1713 1382 1763 portas

176 1777 416 1829 frangimus
436 1780 479 1817 et
499 1777 637 1816 media
657 1777 859 1817 vexillum
880 1790 991 1829 pono
1014 1776 1213 1816 Summas

176 1856 200 1883 o
222 1843 356 1895 qualis
376 1843 504 1882 facies
524 1845 565 1882 et
587 1842 700 1895 quali
721 1843 850 1894 digna
874 1842 1038 1890 tabella,

176 1921 273 1948 cum
296 1908 474 1948 Gaetula
494 1909 642 1948 ducem
665 1910 852 1960 portaret
873 1907 996 1947 belua
1016 1907 1197 1947 luscum⁰

176 1973 313 2013 exitus
332 1987 430 2025 ergo
452 1973 544 2026 quis
565 1974 659 2013 est?
715 1987 738 2013 ο
759 1973 906 2025 gloria,
933 1972 1117 2012 vincitur
1138 1972 1249 2012 idem

175 2052 327 2091 nempe
347 2042 390 2078 et
410 2039 454 2078 in
475 2038 649 2078 exilium
670 2052 866 2090 praeceps
887 2038 1001 2089 fugit
1021 2041 1148 2089 atque
1170 2037 1226 2076 ibi
1250 2050 1427 2089 magnus

176 2104 476 2156 mirandusque
498 2104 628 2144 cliens
647 2104 762 2144 sedet
783 2104 833 2143 ad
856 2103 1065 2156 praetoria
1087 2103 1208 2155 regis,

176 2170 308 2221 donec
331 2169 516 2222 Bithyno
538 2170 666 2209 libeat
686 2169 858 2222 vigilare
881 2172 1075 2221 tyranno.

82 2260 101 2296 ἃ
117 2228 304 2274 sfine'm
325 2235 488 2285 animae
510 2248 614 2287 quae
634 2249 698 2275 res
719 2235 924 2274 humanas
947 2234 1116 2273 miscuit
1137 2233 1250 2281 olim,

175 2313 262 2340 non
281 2300 425 2352 gladii,
451 2314 537 2340 non
558 2314 655 2340 saxa
675 2289 838 2340 dabunt
859 2313 934 2339 nec
957 2300 1053 2347 tela,
1079 2299 1146 2339 sed
1170 2299 1240 2339 ille

177 2365 419 2406 Cannarum
440 2366 594 2406 vindex
615 2369 657 2406 et
678 2365 786 2405 tanti
809 2365 1026 2417 sanguinis
1046 2365 1160 2404 ultor

175 2431 341 2472 anulus.
403 2432 415 2471 i
436 2432 607 2471 demens
627 2434 669 2471 et
690 2445 828 2471 saevas
849 2444 968 2471 curre
990 2444 1063 2483 per
1085 2430 1227 2483 Alpes,

176 2498 226 2537 ut
244 2497 385 2550 pueris
405 2497 567 2549 placeas
585 2500 628 2537 et
647 2496 898 2536 declamatio
920 2497 1006 2536 fias.

1601 169 1651 214 75

1582 404 1653 442 135

1579 731 1653 770 140

1573 1386 1649 1424 150

1572 1713 1647 1751 155

1555 2022 1648 2078 ’160

1569 2369 1645 2406 165
