1778 2693
157 117 205 157 18
638 125 675 153 D.
713 126 839 154 IVNII
870 127 1120 156 IVVENALIS

144 226 383 266 admittunt
406 226 423 265 Ρ
477 226 639 277 magnis
662 226 811 277 opibus
833 226 1044 265 dormitur
1066 227 1108 265 in
1131 226 1248 266 urbe.

145 291 243 329 inde
265 299 393 342 eaput
417 291 564 329 morbi.
622 291 843 329 raedarum
867 291 1072 330 transitus
1094 294 1186 330 arto

145 357 334 395 vieorum
357 356 513 394 inflexu
536 361 577 394 et
599 355 751 394 stantis
773 355 964 393 convicia
984 355 1185 394 mandrae

145 421 327 472 eripient
350 433 542 459 somnum
570 420 707 458 Druso
731 419 960 471 vitulisque
982 419 1169 458 marinis.

145 485 177 522 si
202 493 322 523 vocat¹
345 484 544 530 officium,
570 484 696 522 turba
717 484 894 523 cedente
916 483 1095 522 vehetur

145 549 260 588 dives
283 555 324 587 et
347 549 512 600 ingenti
534 552 676 587 curret
699 561 824 600 super
846 561 918 587 ora
941 548 1131 586 Liburna

144 618 272 665 atque
295 614 431 652 obiter
451 614 563 665 leget
585 619 658 652 aut
681 613 836 652 scribet
858 613 921 652 vel
945 612 1127 651 dormiet
1148 611 1266 651 intus
1286 624 1297 661 ;

145 692 328 730 namque
350 679 454 717 facit
477 692 672 717 somnum
695 678 837 717 clausa
856 677 1009 716 leetiea
1029 677 1229 716 fenestra.

145 747 243 781 ante
266 747 410 782 tamen
432 743 574 782 veniet
598 757 605 781 :
637 743 759 781 nobis
780 741 1113 794 properantibus
1137 742 1279 792 opstat

146 808 260 846 unda
281 808 409 859 prior,
434 821 588 859 magno
610 808 793 859 populus
815 807 971 858 premit
995 805 1162 857 agmine
1178 805 1346 844 lumbos

146 872 217 923 qui
240 873 433 924 sequitur
454 887 464 921 3
494 872 595 911 ferit
617 872 685 910 hie
708 871 868 918 cubito,
893 871 995 910 ferit
1016 883 1151 909 assere
1173 870 1279 908 duro

145 936 266 984 alter,
290 940 332 976 at
353 937 422 976 hie.
444 937 614 988 tignum
632 936 762 988 eapiti
786 935 958 982 inentit,
984 935 1053 973 ille
1076 937 1314 973 metretam.

145 1001 322 1053 pinguia
343 1015 466 1040 erura
486 1002 592 1047 luto,
617 1001 766 1053 planta
787 1014 883 1039 111οΧ
905 999 1094 1051 undique
1117 1011 1270 1050 magna

146 1066 298 1113 0111001,
324 1072 365 1105 et
388 1067 430 1105 in
453 1066 589 1117 digito
612 1066 755 1105 clavus
777 1065 881 1103 mihi
905 1064 1053 1103 militis
1074 1063 1235 1104 haeret.

145 1144 287 1170 nonne
308 1131 424 1170 vides
446 1135 606 1183 quanto
628 1130 865 1169 celebretur
886 1129 1077 1181 sportula
1098 1129 1218 1167 fumo
1238 1128 1256 1167 Ρ

146 1200 317 1234 eentum
341 1196 556 1242 convivae,
582 1195 776 1247 sequitur
797 1208 872 1233 sua
893 1206 1105 1246 quemque
1127 1186 1282 1232 eulina.

148 1260 330 1299 Corbulo
352 1260 420 1298 vix
442 1260 573 1299 ferret
595 1262 660 1299 tot
681 1273 778 1298 vasa
799 1259 1005 1310 ingentia,
1031 1262 1096 1297 tot
1118 1271 1181 1297 res

147 1325 352 1376 inpositas
374 1324 518 1376 capiti,
545 1338 648 1376 quas
669 1328 786 1363 ree-to
809 1324 967 1363 vertice
989 1326 1134 1375 portat

146 1390 339 1429 servulus
364 1389 517 1428 infelix
539 1392 579 1428 et
603 1402 729 1427 eursu
752 1389 935 1428 ventilat
958 1388 1114 1440 ignem.

146 1454 403 1493 scinduntur
424 1454 597 1493 tunicae
619 1458 756 1493 sartae
780 1454 918 1499 modo,
942 1453 1072 1504 longa
1093 1454 1288 1492 eoruseat

145 1532 309 1558 serraco
331 1519 528 1558 veniente
549 1518 676 1565 abies,
701 1522 828 1570 atque
850 1518 983 1556 altera
1004 1517 1153 1569 pinum

146 1584 336 1635 plaustra
357 1583 534 1630 vehunt,
559 1586 717 1622 nutant
738 1583 822 1621 alte
845 1582 1089 1634 populoque
1111 1581 1344 1621 minantur.

146 1661 244 1687 nam
265 1648 298 1687 si
320 1648 550 1699 procubuit
572 1647 643 1699 qui
667 1660 764 1686 saxa
788 1647 1007 1698 Ligustica
1027 1649 1172 1697 portat

145 1713 234 1752 axis
256 1715 298 1751 et
321 1726 515 1751 eversum
537 1712 653 1750 fudit
677 1725 802 1763 super
824 1711 996 1763 agmina
1018 1714 1221 1758 montem,

146 1778 248 1830 quid
270 1781 460 1829 superest
484 1777 534 1815 (le
556 1777 803 1828 corporibus
826 1776 843 1815 Ρ
899 1776 992 1828 quis
1015 1776 1216 1822 membra,
1241 1775 1336 1827 quis
1356 1788 1449 1816 ossa

145 1842 307 1881 invenit
329 1842 345 1880 Ρ
403 1841 609 1880 obtritum
632 1841 749 1892 vulgi
771 1841 881 1893 perit
904 1854 1027 1879 omne
1049 1840 1227 1879 cadaver

144 1920 259 1946 more
280 1906 457 1945 animae.
521 1906 670 1945 domus
692 1906 854 1944 interea
875 1918 1022 1944 seeura
1043 1905 1221 1956 patellas

145 1972 227 2010 iam
248 1972 361 2010 lavat
384 1976 424 2009 et
447 1972 580 2010 but-ea
601 1971 793 2009 foculum
816 1970 974 2009 exeitat
997 1974 1038 2009 et
1060 1972 1183 2009 sonat
1205 1969 1348 2009 unctis

144 2036 364 2087 striglibus
387 2038 428 2074 et
445 2036 570 2087 pleno
593 2035 810 2086 componit
831 2035 964 2074 lintea
985 2038 1101 2086 guto.

144 2100 246 2139 haee
268 2100 380 2138 inter
401 2113 554 2151 pueros
576 2099 687 2138 varie
710 2104 1008 2151 properantur,
1034 2102 1077 2138 at
1098 2099 1169 2138 ille

144 2165 228 2204 iam
249 2165 367 2203 sedet
389 2164 431 2202 in
453 2164 544 2215 ripa
565 2168 839 2215 taetrumque
860 2164 1054 2203 novieius
1076 2164 1220 2203 horret

145 2229 368 2281 porthmea
389 2242 465 2267 nee
488 2233 628 2280 sperat
650 2229 815 2268 eaenosi
837 2229 1021 2280 gurgitis
1052 2229 1197 2267 1111111111

145 2294 294 2332 infelix
316 2306 392 2331 nese
414 2293 541 2331 habet
564 2307 688 2344 quem
712 2293 900 2345 porrigat
918 2306 987 2332 ore
1015 2293 1230 2332 trientem.

199 2358 357 2409 respiee
379 2371 493 2395 nune
516 2357 596 2396 alia
617 2372 663 2396 ae
686 2358 849 2397 diversa
874 2358 1059 2409 perieula
1079 2358 1216 2397 nos-tis
1239 2372 1247 2397 τ

146 2423 258 2475 quod
281 2422 466 2474 spatium
488 2422 613 2461 tectis
634 2422 887 2461 sublimibus
910 2422 1022 2461 unde
1045 2422 1263 2462 cerebrum

1523 219 1601 258 235

1523 546 1602 585 240

1523 869 1601 908 245

1523 1193 1601 1232 250

1523 1518 1600 1556 255

1521 1842 1599 1880 260

1519 2166 1597 2205 265
1622 2192 1626 2193 ⁷
