1778 2693
720 106 896 135 SATVRA
930 106 1010 134 xlv

133 219 346 248 servorum
369 209 534 246 ventres
555 206 696 247 modio
716 207 894 260 castigat
913 207 1061 260 iniquo

132 272 219 326 ipse
241 285 406 324 quoque
426 272 625 319 esuriens,
650 286 785 324 neque
807 273 920 312 enim
943 273 1085 312 omnia
1105 273 1284 312 sustinet
1306 287 1507 325 umquam

133 338 301 378 mucida
322 337 499 377 caerulei
522 338 642 390 panis
663 352 907 378 consumere
930 339 1078 386 frusta,

132 403 375 443 hesternum
397 403 543 442 solitus
566 403 701 442 medio
723 417 883 443 servare
907 404 1085 444 minutal

132 468 357 521 septembri
381 482 455 508 ncc
478 482 560 508 non
584 469 753 508 ‹lifferre
776 469 818 508 in
842 473 1031 522 tempora
1051 483 1176 509 cenae

132 534 305 574 alterius
325 534 526 573 conchem
547 534 746 574 aestivam
768 548 863 574 cum
888 538 1004 587 parte
1026 535 1168 574 lacerti

132 599 339 651 signatam
365 600 424 639 vel
447 599 624 639 dimidio
646 600 846 652 putrique
866 600 1010 648 siluro,

134 666 285 717 filaque
307 664 450 704 sectivi
472 670 693 705 numerata
714 665 928 705 includere
949 665 1082 717 porri3

132 730 336 770 invitatus
355 731 403 770 ad
430 730 530 770 haec
550 731 702 782 aliquis
722 731 772 770 de
794 734 920 783 ponte
941 730 1126 782 negabit.

132 796 201 836 sed
224 809 306 848 quo
326 796 495 836 divitias
514 796 617 836 haee
638 810 712 848 per
733 799 943 836 tormenta
963 799 1139 844 coactas,

131 874 229 901 cum
250 862 369 901 furor
389 861 494 901 haut
514 862 682 910 dubius,
707 875 804 901 cum
826 862 880 901 sit
902 861 1125 901 manifesta
1145 862 1374 914 phrenesis,

132 929 180 966 ut
200 926 386 979 locuples
407 926 610 975 moriaris,
635 927 796 979 egentis
817 927 954 967 vivere
974 927 1097 967 fato?

131 991 291 1032 interea
311 992 434 1044 pleno
455 1005 551 1032 cum
573 995 716 1044 turget
736 993 925 1032 sacculus
944 1006 1028 1040 ore,

130 1057 279 1097 crescit
299 1071 415 1097 amor
437 1058 615 1105 nummi,
641 1061 849 1110 quantum
872 1058 960 1110 ipsa
979 1058 1158 1110 pecunia
1178 1058 1324 1106 crevit,

131 1125 173 1162 et
193 1122 334 1162 minus
354 1122 462 1163 hanc
483 1126 603 1175 optat
624 1123 696 1175 qui
718 1136 804 1162 non
825 1123 963 1163 habet.
1026 1136 1124 1176 ergo
1146 1126 1318 1176 paratur

130 1188 261 1228 altera
282 1188 380 1228 villa
402 1188 492 1236 tibi,
516 1201 611 1228 cum
635 1202 706 1228 rus
727 1202 811 1228 non
833 1188 988 1228 sufficit
1009 1202 1160 1237 unum,

131 1256 172 1293 et
191 1253 378 1306 proferre
398 1253 502 1293 libet
522 1254 628 1293 fines
648 1253 864 1305 maiorque
885 1253 1053 1293 videtur

130 1322 171 1358 et
192 1319 339 1358 melior
362 1319 496 1358 vicina
516 1332 645 1371 seges,
670 1319 867 1359 mercaris
887 1322 929 1359 et
948 1319 1059 1359 hanc
1079 1321 1121 1359 et

129 1384 299 1423 arbusta
318 1387 360 1423 et
381 1384 509 1424 densa
529 1387 717 1424 montem
740 1384 811 1436 qui
833 1387 955 1424 canet
975 1384 1098 1424 oliva.

131 1462 310 1501 quorum
332 1449 364 1488 si
387 1449 522 1502 pretio
543 1449 740 1489 dominus
761 1463 847 1489 non
870 1449 1055 1489 vincitur
1075 1449 1177 1498 ullo,

130 1518 251 1555 nocte
271 1515 394 1555 boves
416 1514 543 1554 macri
564 1515 753 1566 lassoque
773 1515 968 1554 famelica
988 1515 1094 1555 collo

129 1580 321 1620 iumenta
340 1580 391 1620 ad
416 1580 566 1620 virides
586 1580 714 1620 huius
734 1581 962 1620 mittentur
981 1580 1141 1628 aristas,

131 1659 205 1686 uec
228 1646 343 1698 prius
365 1646 461 1685 indc
484 1646 657 1686 domum
680 1660 806 1698 quam
830 1649 917 1686 tota
939 1646 1103 1686 novalia
1123 1659 1263 1686 saevos

130 1711 174 1750 in
195 1714 361 1751 ventres
380 1711 545 1760 abeant,
569 1715 618 1751 ut
639 1713 783 1752 credas
803 1712 983 1752 falcibus
1004 1714 1158 1751 actum.

129 1777 266 1817 dicere
286 1777 356 1817 vix
378 1777 508 1830 possis
528 1790 656 1829 quam
678 1777 804 1816 multi
827 1777 928 1817 talia
947 1777 1115 1830 plorent

129 1844 171 1882 et
192 1845 295 1894 quot
316 1842 480 1882 venales
500 1842 657 1882 iniuria
677 1843 828 1883 fecerit
847 1856 979 1894 agros.

129 1907 199 1947 sed
221 1907 294 1960 qui
315 1921 539 1955 sermones,
564 1921 691 1960 quam
713 1908 859 1948 foedae
882 1907 1036 1948 bucina
1055 1908 1204 1948 famae.

132 1972 143 1990 ‘
159 1972 261 2024 quid
283 1975 406 2013 nocet
426 1973 527 2013 haec
542 1974 560 2012 ¹?
577 1973 587 1991 ’
609 1973 752 2026 inquit
776 1973 786 1991 ‘
805 1973 993 2013 tunicam
1014 1973 1120 2012 mihi
1142 1973 1253 2014 malo
1273 1973 1413 2026 lupini

129 2050 256 2089 quam
277 2038 311 2078 si
332 2051 397 2078 me
418 2041 508 2078 toto
528 2038 674 2079 laudet
694 2039 849 2079 vicinia
869 2052 976 2092 pago

127 2102 270 2154 exigui
290 2103 400 2143 ruris
420 2104 671 2157 paucissima
690 2105 803 2144 farra
823 2104 1066 2144 secantem)

128 2166 287 2207 scilicet
307 2171 349 2208 et
370 2169 525 2209 morbis
545 2172 587 2209 et
607 2169 824 2210 debilitate
845 2169 1017 2217 carebis,

128 2234 171 2272 et
190 2232 356 2273 luctum
378 2236 420 2274 et
440 2247 585 2274 curam
606 2234 797 2287 effugies,
822 2237 865 2274 et
885 2237 1076 2287 tempora
1095 2234 1206 2275 vitae

94 2335 99 2340 .
127 2296 253 2349 longa
273 2298 351 2338 tibi
372 2299 546 2352 posthac
567 2300 656 2340 fato
677 2301 848 2340 meliore
869 2300 1102 2349 dabuntur,

127 2362 160 2401 si
183 2365 351 2403 tantum
373 2364 478 2404 culti
499 2365 611 2406 solus
631 2366 863 2418 possederis
883 2365 988 2418 agri,

127 2430 336 2479 quantum
359 2429 436 2469 sub
457 2430 581 2471 Tatio
606 2431 791 2484 populus
813 2431 1028 2471 Romanus
1047 2431 1206 2471 arabat.

1521 109 1595 150 103

1523 473 1598 509 130

1522 800 1596 837 135

1522 1127 1596 1164 140

1521 1454 1595 1491 145

1521 1781 1596 1818 150

1520 2108 1595 2146 155

1521 2435 1596 2473 160
