1778 2693
142 144 190 174 10
629 145 670 174 D.
706 146 831 174 IVNII
865 146 1114 175 IVVENALIS

136 243 236 282 haec
261 243 421 296 tetigit,
447 244 643 292 Gradive,
666 249 762 285 tuos
785 246 923 285 urtica
944 250 1120 298 nepotes
1140 245 1158 285 Ρ

136 308 321 347 traditur
345 322 439 348 ecce
462 310 550 349 viro
573 310 710 349 clarus
731 323 885 362 genere
907 314 1035 363 atque
1057 311 1207 362 opibus
1228 311 1304 359 vir,

136 385 211 412 nec
232 373 394 424 galcam
419 387 603 425 quassas,
629 388 705 414 nec
728 380 884 414 terrani
908 375 1083 427 cuspide
1106 375 1259 426 pulsas,

135 451 211 476 nec
234 438 420 489 quereris
444 439 554 490 patri
579 440 595 478 Ρ
653 440 758 478 vade
781 453 879 491 crgo
902 444 944 479 ct
967 440 1067 479 cede
1089 440 1219 479 severi

135 502 352 553 iugeribus
376 503 528 554 campi,
556 517 682 555 quem
704 504 905 556 neglegis.
972 508 983 524 ‘
998 504 1183 544 officium
1205 516 1295 544 cras

134 567 270 618 primo
293 567 378 606 sole
402 567 507 606 mihi
529 569 822 620 peragendum
845 569 887 607 in
910 569 1018 608 valle
1040 568 1239 617 Quirini?

134 644 240 683 quae
262 644 388 670 causa
410 632 535 671 officii
560 633 577 672 Ρ
637 633 763 685 ‘quid
785 634 951 685 quaeris
971 633 988 673 Ῥ
1043 633 1169 672 nubit
1190 633 1351 672 amicus

134 709 209 736 nec
232 697 390 736 multos
414 697 623 737 adhibet?
680 698 805 737 liceat
829 699 955 738 modo
978 698 1117 737 vivere
1140 712 1147 736 ε
1180 698 1298 745 fient,

135 762 237 800 fient
259 761 340 800 ista
362 762 517 813 palam,
545 762 721 814 cupient
743 766 785 802 et
807 763 851 802 in
872 765 967 802 aeta
987 762 1151 802 referri.

133 825 296 865 interea
319 828 584 865 tormentum
607 827 758 879 ingens
781 827 1042 866 nubentibus
1062 826 1223 874 haeret,

134 890 247 942 quod
268 894 485 942 nequeant
509 904 656 942 parere
679 895 721 930 et
743 895 870 943 partu
892 891 1076 931 retinere
1098 890 1288 931 maritos.

134 955 206 993 sed
228 955 393 1003 melius,
421 956 535 1007 quod
557 955 618 994 nil
640 956 793 995 animis
815 956 859 994 in
881 969 1058 1008 corpora
1078 954 1182 994 iuris

133 1025 287 1059 natura
310 1020 508 1072 indulget
531 1035 539 1059 z
572 1021 736 1060 steriles
757 1021 1017 1068 moriuntur,
1042 1023 1084 1059 et
1105 1019 1189 1059 illis

134 1084 308 1136 turgida
331 1098 415 1124 non
438 1085 612 1137 prodest
634 1085 808 1124 condita
829 1085 984 1137 pyxide
1008 1085 1137 1137 Lyde,

134 1162 211 1188 nec
234 1149 406 1201 prodest
430 1150 530 1201 agili
552 1150 713 1202 palmas
735 1150 937 1202 praebere
957 1150 1145 1201 luperco.

136 1213 236 1252 vicit
258 1217 299 1252 et
321 1213 401 1253 hoc
424 1220 663 1253 monstrum
686 1214 869 1253 tunicati
892 1214 1060 1253 fuscina
1077 1212 1270 1260 Gracchi,

134 1278 419 1330 lustravitque
443 1279 547 1330 fuga
569 1279 752 1318 mediam
773 1278 986 1331 gladiator
1006 1278 1209 1317 harenam

135 1347 176 1381 et
200 1342 453 1394 Capitolinis
476 1343 719 1394 generosior
741 1346 783 1382 et
805 1343 1017 1382 Marcellis

135 1410 177 1445 et
200 1406 341 1446 Catuli
367 1407 575 1459 Paulique
597 1407 833 1447 minoribus
855 1412 897 1446 et
919 1407 1060 1446 Fabiis
1082 1410 1124 1446 et

135 1471 332 1511 omnibus
355 1472 407 1510 ad
428 1472 606 1523 podium
629 1472 938 1524 spectantibus,
962 1472 1028 1511 his
1047 1472 1149 1511 licet
1169 1472 1310 1524 ipsum

134 1536 358 1576 admoveas
382 1536 503 1576 cuius
525 1541 630 1576 tunc
653 1550 828 1576 munere
849 1537 957 1576 retia
978 1536 1106 1576 misit.

188 1613 275 1640 esse
297 1601 461 1653 aliquos
485 1614 629 1640 manes
652 1606 693 1640 et
716 1602 994 1641 subterranea
1014 1614 1145 1653 regna

135 1668 177 1704 et
199 1668 376 1704 contum
398 1668 440 1705 et
462 1665 610 1717 Stygio
632 1679 755 1705 ranas
777 1666 821 1704 in
842 1666 1013 1718 gurgite
1034 1666 1177 1717 nigras

135 1733 263 1781 atque
286 1743 369 1769 una
391 1730 572 1769 transire
595 1731 751 1769 vadum
773 1734 838 1769 tot
861 1730 977 1769 milia
999 1730 1152 1770 cumba

134 1807 212 1833 nec
233 1794 354 1846 pueri
379 1795 575 1842 credunt,
601 1795 682 1833 nisi
705 1795 777 1846 qui
801 1795 993 1834 nondum
1015 1807 1109 1833 aere
1128 1794 1340 1834 lavantur.

135 1859 207 1897 sed
230 1862 277 1897 tu
300 1871 396 1897 vera
418 1863 535 1910 puta.
602 1859 755 1898 Curius
779 1859 882 1911 quid
904 1859 1036 1898 sentit
1057 1862 1099 1898 et
1120 1859 1243 1898 ambo

137 1922 371 1974 Scipiadae,
397 1923 501 1975 quid
523 1923 745 1963 Fabricius
767 1937 997 1975 manesque
1021 1923 1204 1970 Camilli,

136 1987 240 2039 quid
264 1987 485 2026 Cremerae
506 1987 618 2039 legio
641 1992 683 2027 et
706 1987 864 2027 Cannis
886 1991 1141 2040 consumpta
1161 1987 1377 2036 iuventus,

135 2056 201 2091 tot
223 2052 430 2091 bellorum
453 2053 632 2100 animae,
658 2053 856 2105 quotiens
877 2053 977 2092 hinc
1000 2052 1096 2092 talis
1117 2052 1171 2091 ad
1191 2052 1285 2091 illos

136 2117 286 2155 umbra
307 2117 424 2156 venit
445 2117 463 2156 P
520 2121 728 2169 cuperent
748 2118 937 2165 lustrari,
963 2117 996 2157 si
1018 2130 1101 2169 qua
1122 2117 1328 2156 darentur

136 2181 311 2232 sulpura
333 2194 430 2220 cum
453 2182 588 2221 taedis
609 2185 651 2221 et
673 2182 705 2221 si
727 2182 839 2222 foret
862 2182 1006 2221 umida
1025 2182 1184 2221 laurus.

136 2245 223 2284 illic
244 2245 327 2284 heu
350 2245 491 2285 miseri
514 2247 793 2285 traducimur.
856 2260 972 2286 arma
993 2246 1166 2298 quidem
1187 2245 1301 2284 ultra

136 2309 262 2349 litora
285 2310 492 2349 Iuvernae
514 2311 804 2362 promovimus
826 2314 868 2350 et
889 2311 1014 2350 modo
1036 2313 1181 2362 captas

138 2373 323 2413 Orcadas
345 2387 391 2413 ac
414 2374 592 2413 minima
614 2378 840 2414 contentos
861 2378 986 2414 nocte
1009 2374 1253 2420 Britannos,

136 2438 209 2477 sed
231 2451 338 2490 quae
359 2451 475 2478 nunc
497 2438 645 2491 populi
667 2439 777 2477 fiunt
798 2438 972 2478 victoris
993 2437 1037 2476 in
1059 2439 1176 2485 urbe,

1517 376 1592 414 130

1518 698 1593 737 135

1517 1020 1595 1059 140

1517 1343 1594 1381 145

1517 1667 1595 1706 150

1515 1989 1593 2027 155

1516 2304 1594 2348 16'0
