1778 2693
199 160 247 210 53
682 165 723 194 D.
758 164 885 194 IVNII
917 163 1170 192 IVVENALIS

195 271 242 307 ut
263 267 295 307 si
317 267 410 319 quis
429 280 521 307 cera
541 266 703 307 voltum
724 265 845 313 facit3
876 263 1030 315 exigite
1051 265 1100 302 ut
1119 263 1174 302 sit

194 336 234 372 et
255 337 374 384 pater
395 332 526 384 ipsius
546 334 701 378 coetus,
726 343 777 369 nc
798 328 941 381 turpia
959 328 1125 375 ludant,

194 411 245 436 ne
268 398 424 436 faciant
445 397 623 444 vicibus3
655 408 739 434 non
759 397 822 434 est
842 394 932 433 leve
952 395 1016 433 tot
1036 406 1262 445 puerorum
1298 439 1300 441 Ι

194 463 406 500 observare
428 475 576 500 manus
597 460 820 511 oculosque
840 459 884 497 in
906 459 987 497 fine
1009 457 1241 497 trementis.
1288 463 1295 470 “
1318 455 1319 462 ’

197 528 205 544 “
223 527 322 566 haee
340 527 348 537 “
372 526 512 577 inquit
536 526 543 543 ⁴'
561 539 693 572 curas,
717 528 759 564 et
780 538 875 563 cum
897 537 937 563 se
959 522 1130 563 verterit
1150 535 1299 569 annus,

194 592 347 642 accipe,
372 590 518 630 victori
540 590 721 642 populus
743 589 853 641 quod
874 588 1072 640 postulat,
1097 586 1281 626 aurum.’

768 748 963 782 SATVRA
994 746 1086 779 VIII

196 849 426 890 Stemmata
447 848 548 901 quid
570 848 767 888 faciunt?
825 846 926 899 quid
947 846 1132 898 prodest,
1158 843 1346 891 Pontice,
1371 843 1496 895 longo

194 914 396 966 sanguine
417 913 587 961 censeri,
611 913 745 965 pictos
765 911 982 951 ostendere
1003 910 1146 950 vultus
1191 946 1198 954 ,

196 979 400 1018 maiorum
422 981 463 1018 et
484 978 633 1017 stantis
654 977 697 1016 in
719 976 910 1016 curribus
931 974 1191 1015 Aemilianos

195 1047 236 1084 et
258 1043 406 1083 Curios
426 1043 508 1082 iam
529 1042 727 1082 dimidios
747 1053 996 1092 umerosque
1018 1040 1224 1079 minorem

197 1108 425 1148 Corvinum
447 1110 490 1147 et
511 1107 686 1147 Galbam
707 1105 907 1146 auriculis
927 1118 1108 1157 nasoque
1129 1106 1338 1143 carentem
1354 1104 1373 1141 ‘?

196 1173 289 1224 (piis
308 1173 473 1213 fructus
492 1172 656 1225 generis
677 1171 820 1212 tabula
840 1170 992 1210 iactare
1013 1169 1155 1221 capaci

197 1238 440 1286 Corvinum,
465 1237 638 1290 posthac
658 1237 795 1276 multa
814 1235 1059 1287 contingere
1079 1234 1195 1285 virga

195 1303 380 1342 fumosos
399 1302 591 1354 equitum
611 1315 708 1341 cum
729 1301 933 1341 dictatore
953 1299 1187 1351 magistros,

196 1368 228 1408 si
249 1381 387 1408 coram
409 1367 580 1420 Lepidis
600 1367 708 1406 male
729 1366 886 1406 vivitur
900 1367 918 1403 P
974 1364 1129 1416 effigies
1150 1376 1233 1415 quo

196 1436 259 1473 tot
280 1433 545 1481 bellatorum,
569 1432 602 1471 si
622 1431 788 1471 luditur
807 1431 896 1471 alea
916 1443 1075 1483 pernox

195 1502 292 1538 ante
314 1497 615 1545 Numantinos,
639 1497 672 1537 si
695 1496 876 1536 dormire
897 1495 1048 1547 incipis
1069 1497 1163 1534 ortu

196 1563 377 1610 luciferi,
403 1576 485 1614 quo
506 1562 625 1614 signa
645 1562 770 1601 duces
791 1563 834 1600 et
854 1563 988 1600 castra
1007 1559 1264 1599 movebant?

196 1641 270 1668 eur
290 1627 571 1679 Allobrogicis
591 1629 633 1667 et
652 1639 805 1678 magna
825 1625 1007 1677 gaudeat
1026 1638 1097 1664 ara

196 1696 320 1732 natus
340 1693 383 1731 in
406 1691 617 1731 Herculeo
637 1691 792 1730 Fabius
811 1690 910 1738 lare,
935 1689 968 1729 si
989 1688 1182 1741 cupidus,
1207 1687 1240 1727 si

196 1771 327 1797 vanus
346 1760 387 1797 et
409 1757 610 1808 Euganea
630 1755 901 1808 quantumvis
922 1754 1089 1794 mollior
1108 1766 1229 1805 agna,

196 1822 228 1861 si
252 1826 444 1862 tenerum
465 1821 638 1861 attritus
659 1819 874 1860 Catinensi
896 1818 1063 1871 pumice
1086 1818 1280 1856 lumbum

197 1886 426 1939 squalentis
446 1885 632 1926 traducit
651 1898 748 1925 avos
769 1886 1014 1936 emptorque
1037 1882 1185 1922 veneni

196 1952 429 2003 frangenda
449 1951 642 1990 miseram
663 1951 853 1989 funestat
873 1947 1056 2000 imagine
1077 1949 1247 1998 gentem
1261 1947 1282 1985 ⁴?

197 2019 285 2056 tota
304 2016 404 2056 licet
423 2019 581 2055 veteres
601 2017 804 2055 exornent
825 2013 1013 2065 undique
1033 2025 1148 2052 cerae

196 2081 315 2128 atria,
340 2081 536 2120 nobilitas
557 2080 642 2120 sola
661 2082 724 2120 est
743 2082 868 2131 atque
888 2077 1013 2117 unica
1033 2077 1179 2117 virtus.

199 2146 354 2185 Paulus
374 2146 438 2185 vel
461 2145 610 2185 Cossus
630 2145 694 2185 vel
715 2144 879 2183 Drusus
898 2143 1087 2182 moribus
1106 2143 1206 2190 esto,

198 2211 271 2250 hos
291 2213 388 2250 ante
408 2209 563 2261 effigies
583 2209 791 2249 maiorum
812 2221 920 2260 pone
941 2214 1126 2254 tuorum,

197 2276 446 2325 praecedant
468 2275 576 2326 ipsas
596 2274 658 2313 illi
680 2278 720 2314 te
740 2273 910 2314 consule
930 2272 1081 2324 virgas.

198 2340 333 2391 prima
354 2339 457 2378 mihi
481 2339 603 2378 debes
623 2338 753 2378 animi
774 2339 896 2378 bona.
956 2339 1124 2376 sanctus
1142 2333 1287 2375 haberi

198 2404 466 2454 iustitiaeque
489 2407 610 2441 tenax
631 2402 756 2442 factis
775 2401 982 2452 dictisque
1003 2399 1205 2439 mereris?

197 2481 375 2518 agnosco
396 2479 627 2520 procerem3
658 2466 767 2506 salve
789 2464 1019 2512 Gaetulice,
1043 2477 1113 2503 seu
1134 2466 1181 2502 tu

1573 391 1649 429 240

1605 1428 1655 1467 10

1605 1753 1655 1792 15

1604 2076 1656 2114 20

1604 2399 1655 2437 25
