1778 2693
206 121 260 163 86
694 129 733 157 D.
770 129 896 157 IVNII
928 128 1180 157 IVVENALIS

204 231 316 271 idem
337 230 506 270 habitus
526 229 702 277 cunctis,
728 228 836 268 tonsi
859 227 1046 280 rectique
1067 228 1208 281 capilli

203 300 329 348 atque
349 296 471 335 hodie
493 298 658 334 tantum
682 298 852 346 propter
872 293 1063 333 convivia
1082 294 1194 346 pexi.

203 360 378 413 pastoris
401 359 495 399 duri
519 359 586 398 hic
608 363 669 398 cst
691 358 815 405 filius,
841 358 910 398 ille
933 359 1120 398 bubulci.

202 426 382 478 suspirat
403 425 527 475 longo
550 437 633 462 non
654 423 783 462 visam
805 426 992 476 tempore
1015 429 1204 472 matrem,

201 496 243 531 et
263 491 445 530 casulam
467 493 507 529 et
528 493 648 529 notos
668 489 800 528 tristis
821 490 1029 529 desiderat
1049 489 1215 538 haedos,

202 556 373 608 ingenui
396 555 539 594 vultus
559 568 664 607 puer
686 555 945 607 ingenuique
965 555 1152 607 pudoris,

201 622 341 673 quales
361 635 444 661 esse
465 621 584 660 decet
604 633 707 672 quos
727 621 876 659 ardens
896 633 1085 672 purpura
1104 619 1242 667 vestit,

199 699 273 725 nec
294 687 522 739 pupillares
542 686 679 725 defert
699 685 743 724 111
764 685 911 724 balnea
932 698 1081 724 raucus

200 752 426 798 testiculos,
450 765 525 791 nec
546 751 758 790 vellendas
779 750 860 789 iam
883 749 1077 802 praebuit
1097 750 1195 797 alas,

198 829 330 855 crassa
350 829 425 856 nec
447 815 637 868 opposito
657 815 835 868 pavidus
856 815 961 866 tegit
981 815 1158 864 inguina
1179 818 1295 866 guto.

199 880 265 920 hic
288 881 363 920 tibi
385 881 482 921 vina
503 881 619 920 dabit
640 881 794 919 diffusa
814 880 857 919 in
879 880 1094 919 montibus
1114 880 1196 919 illis

196 959 219 984 a
240 946 392 997 quibus
413 945 499 997 ipsc
521 945 650 993 venit,
676 959 856 997 quorum
878 945 953 984 sub
975 944 1127 985 vertice
1146 944 1268 993 lusit3

197 1023 378 1062 namque
401 1024 485 1049 una
505 1014 631 1062 atque
653 1011 794 1050 eadem
817 1013 878 1049 est
898 1010 984 1049 vini
1006 1009 1142 1061 patria
1161 1012 1288 1061 atque
1308 1008 1506 1048 ministri.

195 1075 372 1114 forsitan
393 1078 583 1127 expectes
604 1078 652 1114 ut
674 1075 882 1114 Gaditana
903 1088 1053 1114 canoro

196 1140 402 1192 incipiant
423 1140 587 1192 prurire
608 1140 748 1187 choro,
773 1140 1008 1191 plausuque
1029 1140 1226 1191 probatae

195 1203 245 1242 ad
269 1208 422 1242 terram
446 1203 626 1241 tremulo
647 1203 901 1242 descendant
921 1202 1044 1241 clune
1064 1202 1239 1253 puellae.

195 1271 385 1319 spectant
404 1268 483 1306 hoc
504 1270 662 1318 nuptae
684 1267 801 1306 iuxta
822 1267 1048 1306 recubante
1069 1266 1234 1313 marito,

196 1333 306 1384 quod
329 1333 487 1384 pudeat
509 1345 675 1371 narrare
695 1332 878 1383 aliquem
904 1331 1192 1383 praesentibus
1213 1331 1325 1383 ipsis,

195 1397 516 1437 inritamentum
539 1396 698 1436 veneris
717 1396 958 1448 languentis
978 1399 1019 1436 et
1039 1409 1152 1435 acres

193 1463 336 1501 divitis
357 1462 526 1510 urticae,
552 1461 684 1500 maior
704 1465 845 1501 tamen
866 1461 946 1500 ista
966 1461 1158 1513 voluptas

193 1528 363 1567 alterius
383 1541 521 1576 sexus3
553 1526 685 1578 magis
705 1526 775 1566 ille
796 1526 1053 1574 extenditur,
1077 1528 1119 1566 et
1139 1539 1236 1566 mox

192 1592 362 1631 auribus
382 1594 507 1643 atque
528 1590 658 1630 oculis
678 1594 878 1643 concepta
898 1590 1020 1629 urina
1040 1593 1243 1629 movetur.

192 1669 276 1696 non
298 1656 410 1708 capit
431 1656 504 1695 has
524 1669 657 1707 nugas
677 1655 851 1694 humilis
871 1656 1032 1694 domus.
1093 1654 1238 1694 audiat
1258 1655 1328 1695 ille

192 1724 394 1761 testarum
415 1720 599 1773 crepitus
618 1733 715 1760 cum
739 1720 884 1767 verbis,
909 1720 1071 1759 nudum
1094 1720 1204 1760 olido
1225 1722 1338 1759 stans

192 1786 351 1825 fornice
372 1785 630 1838 mancipium
652 1785 804 1837 quibus
824 1785 1019 1832 abstinet,
1044 1785 1114 1824 1110
1133 1785 1302 1824 fruatur

195 1851 361 1890 vocibus
381 1850 592 1890 obscaenis
613 1850 810 1901 omnique
830 1850 1019 1889 libidinis
1039 1852 1143 1895 arte,
1199 1839 1205 1846 ⁵

193 1916 264 1968 qui
287 1916 663 1955 Lacedaemonium
685 1914 908 1967 pytismate
929 1914 1109 1953 lubricat
1129 1914 1290 1963 orbem;

194 1994 372 2032 namque
393 1980 449 2020 ibi
471 1980 667 2019 fortunae
690 1979 854 2019 veniam
876 1980 1035 2018 damus.
1097 1979 1185 2018 alea
1206 1979 1342 2030 turpis

193 2049 315 2097 turpe
335 2048 376 2084 et
397 2045 651 2085 adulterium
674 2044 972 2084 mediocribus:
1002 2044 1104 2083 haec
1124 2044 1265 2083 eadem
1287 2043 1346 2082 illi

192 2110 332 2149 onmia
352 2124 447 2149 cum
471 2110 642 2157 faciant,
666 2109 819 2148 hilares
839 2109 1050 2160 nitidique
1071 2111 1286 2148 vocantur.

193 2179 333 2215 nostra
353 2176 514 2214 dabunt
535 2175 635 2214 alios
655 2175 779 2214 hodie
801 2174 991 2214 convivia
1010 2174 1146 2222 ludos,

192 2240 383 2279 conditor
404 2240 557 2279 Iliados
577 2239 816 2279 cantabitur
836 2242 962 2291 atque
984 2238 1168 2278 Maronis

192 2305 357 2344 altisoni
380 2305 550 2344 dubiam
572 2305 772 2344 facientia
792 2304 978 2344 carmina
998 2304 1193 2356 palmam.

193 2370 294 2422 quid
316 2370 458 2417 refert,
485 2370 587 2409 tales
608 2383 749 2409 versus
770 2382 851 2421 qua
873 2383 969 2408 voce
990 2369 1216 2419 legantur?

246 2434 314 2474 sed
338 2447 451 2473 1111110
471 2434 612 2474 dilatis
632 2437 770 2474 averte
790 2433 958 2486 negotia
977 2432 1088 2473 curis

1581 297 1656 335 150

1576 946 1651 984 160

1573 1268 1648 1306 165

1572 1593 1648 1633 170

1571 2241 1647 2280 180
