1778 2693
692 130 867 163 SATVRA
901 133 970 160 VII

97 233 310 285 paenituit
330 233 486 273 multos
506 247 634 273 vanae
656 233 892 285 sterilisque
914 232 1150 281 cathedrae,

97 296 207 337 sicut
229 298 465 350 Lysimachi
487 299 636 351 probat
656 299 794 338 exitus
814 303 940 349 atque
963 298 1144 338 Secundi

99 363 347 411 Carrinatis3
378 366 420 403 et
440 364 554 403 hunc
576 364 742 414 inopem
766 364 943 410 vidistis,
969 363 1176 411 Athenae,

97 427 157 466 nil
178 431 344 480 praeter
363 429 520 479 gelidas
540 442 661 468 ausae
684 430 874 468 conferre
895 429 1067 468 cicutas.

95 492 154 540 di,
178 493 384 532 maiorum
407 494 565 533 umbris
588 499 758 534 tenuem
780 497 822 533 et
842 494 932 532 sine
957 494 1138 546 pondere
1160 497 1312 534 terram

95 557 375 610 spirantisque
396 572 535 598 crocos
555 562 598 598 et
618 559 662 598 in
683 572 789 598 urna
812 562 1065 611 perpetuum
1088 572 1174 606 ver,

95 624 168 675 qui
190 628 499 676 praeceptorem
521 625 654 664 sancti
677 625 844 663 voluere
865 624 1052 676 parentis

94 701 179 728 esse
200 689 300 728 loco.
363 693 554 729 metuens
576 690 714 741 virgae
737 689 818 728 iam
839 689 1012 741 grandis
1033 688 1221 729 Achilles

95 755 292 794 cantabat
311 755 460 807 patriis
481 756 524 794 in
547 755 762 794 montibus
782 758 824 794 et
845 755 912 793 cui
935 768 1019 794 non
1041 757 1145 794 tunc

94 818 265 858 eliceret
285 819 415 859 risum
437 820 668 860 citharoedi
690 820 821 859 cauda
844 819 1049 871 magistri,

94 884 162 923 sed
192 885 348 924 Rufum
370 889 496 937 atque
516 885 618 924 alios
639 885 776 924 caedit
797 898 870 923 sua
891 897 1102 936 quemque
1124 884 1336 933 iuventus,

96 949 274 997 Rufum,
298 963 421 1001 quem
444 950 598 990 totiens
621 950 867 990 Ciceronem
890 949 1116 1000 Allobroga
1138 949 1260 989 dixit.

149 1014 242 1066 quis
262 1014 423 1066 gremio
446 1014 588 1055 Celadi
610 1015 808 1066 doctique
831 1014 1093 1054 Palaemonis
1114 1015 1256 1053 adfert

97 1082 305 1131 quantum
326 1080 627 1132 grammaticus
648 1080 804 1119 meruit
824 1080 972 1119 labor?
1028 1082 1070 1119 et
1090 1082 1233 1119 tamen
1254 1092 1303 1119 ex
1324 1080 1403 1120 hoc

95 1145 391 1197 quodcumque
412 1149 488 1193 est,
513 1145 654 1184 minus
675 1148 737 1184 est
757 1149 900 1184 autem
922 1158 1048 1197 quam
1070 1144 1252 1184 rhetoris
1271 1157 1381 1193 aera,

94 1209 292 1262 discipuli
313 1213 452 1250 custos
472 1211 738 1263 praemordet
758 1213 1079 1258 acoenonoetus,

93 1277 137 1315 et
157 1275 228 1328 qui
249 1275 478 1328 dispensat,
502 1276 665 1328 frangit
686 1276 779 1315 sibi.
840 1276 953 1323 cede,
980 1275 1221 1323 Palaemon,

94 1343 138 1381 et
156 1345 299 1392 patere
320 1341 418 1380 inde
439 1341 600 1392 aliquid
622 1341 872 1388 decrescere,
896 1354 980 1380 non
1003 1340 1124 1380 aliter
1146 1354 1271 1393 quam

95 1405 266 1445 institor
286 1405 483 1445 hibernae
505 1405 656 1457 tegetis
678 1405 873 1457 niveique
893 1405 1078 1452 cadurci,

96 1470 326 1510 dummodo
348 1475 433 1510 non
455 1473 596 1523 pereat
616 1470 777 1510 mediae
799 1470 909 1522 quod
932 1470 1068 1509 noctis
1087 1470 1138 1509 ab
1159 1470 1261 1510 hora

97 1535 256 1583 sedisti,
281 1549 362 1588 qua
381 1549 505 1576 nemo
525 1536 656 1583 faber,
682 1549 763 1588 qua
783 1548 906 1575 nemo
927 1535 1090 1574 sederet

96 1600 167 1653 qui
189 1601 312 1640 docet
331 1600 500 1652 obliquo
520 1600 661 1639 lanam
682 1600 887 1639 deducere
908 1600 1039 1648 ferr03

95 1665 327 1705 dummodo
347 1679 432 1705 non
453 1673 597 1718 pereat
618 1665 796 1705 totidem
818 1664 1007 1704 olfecisse
1028 1665 1233 1714 lucernas,

97 1734 201 1783 quot
221 1731 389 1771 stabant
409 1730 545 1783 pueri,
569 1744 665 1770 cum
688 1734 801 1770 totus
824 1730 989 1769 decolor
1009 1732 1116 1770 esset

96 1795 272 1836 Flaccus
291 1799 334 1836 et
354 1796 542 1835 haereret
563 1795 684 1848 nigro
704 1795 842 1847 fuligo
866 1795 1045 1835 Maroni„-

96 1873 188 1900 rara
210 1863 350 1900 tamen
371 1874 527 1900 merces
548 1873 653 1912 quae
674 1860 916 1912 cognitione
938 1859 1100 1899 tribuni

97 1939 182 1966 non
202 1928 336 1978 egeat.
397 1926 465 1966 sed
488 1939 559 1966 vos
579 1939 718 1966 saevas
740 1925 933 1978 inponite
954 1925 1078 1977 leges,

97 1994 146 2031 ut
165 1991 425 2044 praeceptori
448 1991 670 2031 verborum
692 1991 837 2042 regula
857 1994 1035 2038 constet,

96 2059 147 2096 ut
164 2056 280 2108 legat
299 2056 506 2104 historiae,
531 2060 722 2096 auctores
743 2056 910 2096 noverit
930 2069 1073 2095 omnes

96 2124 313 2174 tamquam
334 2135 496 2174 ungues
516 2122 755 2174 digitosque
776 2134 884 2168 suos,
909 2124 958 2160 ut
979 2121 1089 2160 forte
1111 2124 1282 2174 rogatus

97 2186 200 2226 dum
221 2186 329 2239 petit
348 2190 423 2226 aut
443 2186 628 2227 thermas
648 2190 722 2226 aut
745 2186 902 2226 Phoebi
925 2186 1085 2234 balnea,
1111 2187 1224 2226 dicat

97 2252 307 2292 nutricem
329 2252 553 2300 Anchisae,
578 2266 731 2292 nomen
754 2252 1019 2304 patriamque
1041 2265 1240 2293 novercae

97 2316 364 2364 Anchemoli,
389 2317 502 2357 dicat
523 2321 627 2370 quot
648 2318 818 2357 Acestes
841 2317 992 2356 vixerit
1012 2316 1148 2365 annis,

97 2386 201 2435 quot
221 2381 351 2422 Siculi
375 2382 613 2434 Phrygibus
634 2382 721 2421 vini
743 2382 963 2422 donaverit
983 2395 1124 2422 urnas.

98 2447 254 2499 exigite
274 2449 324 2486 ut
343 2460 478 2487 mores
499 2450 663 2488 teneros
682 2460 758 2487 ceu
780 2447 931 2500 pollice
951 2447 1093 2495 ducat,

1515 138 1563 181 57

1487 369 1563 406 205

1486 693 1564 730 210

1487 1018 1564 1056 215

1487 1344 1565 1381 220

1486 1668 1564 1706 225

1487 1995 1565 2033 230

1487 2320 1564 2358 235
