1778 2693
113 129 168 167 SO
599 133 640 160 1).
677 131 803 160 IVNII
835 129 1087 159 IVVENALIS

111 250 187 277 nec
216 236 525 288 praetextatum
547 232 687 284 rapuit
708 232 820 271 Nero
840 229 1069 282 loripedem
1090 241 1166 269 nec

112 305 365 341 strumosum
387 306 512 350 atque
533 302 651 337 utero
673 297 829 348 pariter
849 296 1056 347 gibboque
1077 295 1324 334 tumentem.

112 367 124 406 i
147 379 259 405 nunc
280 370 321 404 et
342 363 504 403 iuvenis
525 362 658 414 specie
680 362 832 401 laetare
854 360 932 408 tui,
958 372 1082 411 quem

112 431 269 470 maiora
288 432 511 481 expectant
531 426 785 466 discrimina.
849 427 920 465 fiet
940 424 1105 464 adulter

112 496 319 549 publicus,
343 500 386 533 et
406 506 558 545 poenas
580 492 732 531 metuit
754 503 1037 543 quascumque
1054 488 1194 528 mariti

113 561 206 600 irati
229 560 365 606 debet,
390 571 466 597 nec
486 558 567 597 erit
586 557 748 596 felicior
769 560 879 596 astro

1490 359 1567 398 310

114 625 275 672 Martis.
300 630 349 663 ut
370 624 413 662 in
434 623 604 674 laqueos
625 635 856 673 numquam
878 620 1051 659 incidat.
1113 618 1244 670 exigit
1263 621 1405 658 autem
1433 659 1437 662 ,

114 691 326 730 interdum
348 689 417 728 ille
438 688 556 727 dolor
576 688 671 739 plus
693 700 818 738 quam
844 686 910 725 lex
930 685 1017 724 ulla
1037 684 1170 724 dolori

112 755 333 803 concessit3
364 756 486 793 necat
506 753 575 791 hic
596 753 721 799 ferro,
745 758 854 791 secat
876 750 946 790 ille
966 749 1151 789 cruentis

113 820 364 866 verberibus,
389 818 591 869 quosdam
612 817 805 856 moechos
825 819 867 855 et
886 814 1058 866 mugilis
1078 814 1224 853 intrat.

113 886 182 925 sed
205 890 303 924 tuus
324 883 565 934 Endymion
587 882 763 921 dilectae
779 882 850 921 fiet
871 880 1037 920 adulter

113 954 342 990 matronae.
402 961 498 987 mox
519 961 615 986 cum
636 946 800 986 dederit
821 945 996 985 Servilia
1014 957 1225 991 nummos,

114 1016 185 1055 fiet
205 1018 247 1054 et
267 1014 380 1053 illius
402 1026 527 1065 quam
549 1025 634 1051 non
654 1014 780 1058 amat,
805 1013 930 1050 exuet
950 1023 1116 1049 onmem

113 1079 297 1132 corporis
317 1086 533 1126 ornatum3
566 1077 666 1128 quid
689 1076 802 1116 enim
824 1076 910 1114 ulla
931 1074 1145 1126 negaverit
1165 1073 1260 1113 udis

114 1144 375 1196 inguinibus,
400 1143 483 1182 sive
504 1146 565 1181 est
586 1142 685 1181 haec
709 1140 845 1192 Oppia
866 1140 949 1179 sive
972 1139 1170 1179 Catulla?

114 1209 294 1250 deterior
314 1212 424 1247 totos
445 1208 569 1247 habet
589 1206 675 1245 illic
696 1205 856 1245 femina
876 1218 1022 1244 mores.

117 1275 127 1292 ⁴
143 1275 212 1314 sed
235 1278 346 1313 casto
368 1273 470 1324 quid
491 1273 626 1311 forma
648 1272 801 1310 nocet?
819 1271 828 1287 ³
853 1270 952 1321 quid
976 1268 1139 1321 profuit
1159 1268 1290 1307 immo

116 1339 349 1391 Hippolyto
371 1351 493 1388 grave
514 1336 791 1388 propositum,
816 1334 918 1386 quid
941 1332 1289 1385 Bellerophonti?

114 1404 285 1446 erubuit
303 1416 454 1454 nempe
474 1402 671 1460 Ἥρωι
692 1399 884 1439 fastidita
906 1393 1084 1451 repuls‘a',
1232 1412 1252 1438 '›
1274 1408 1295 1439 i·
1318 1434 1321 1438 .

116 1483 191 1510 nec
213 1468 473 1509 Stheneboea
493 1466 634 1505 minus
653 1479 777 1517 quam
803 1465 949 1504 Cressa
968 1463 1209 1510 excanduit,
1232 1465 1275 1502 et
1293 1475 1335 1502 se

115 1547 357 1575 concussere
377 1533 533 1572 ambae.
595 1530 749 1570 mulier
769 1529 1006 1570 saevissima
1026 1532 1129 1568 tunc
1149 1530 1224 1575 est,

116 1614 212 1639 cum
234 1599 425 1638 stimulos
445 1597 540 1637 odio
560 1597 698 1648 pudor
717 1596 923 1635 admovet.
985 1594 1091 1645 elige
1113 1593 1315 1644 quidnam

117 1664 378 1704 suadendum
400 1675 485 1702 esse
506 1666 630 1713 putes
649 1660 716 1700 cui
738 1660 894 1699 nubere
921 1658 1106 1699 Caesaris
1125 1670 1230 1697 uxor

118 1729 315 1769 destinat.
376 1727 561 1779 optimus
582 1726 650 1765 hic
671 1728 712 1765 et
732 1724 1060 1764 formosissimus
1080 1723 1191 1762 idem

118 1794 254 1847 gentis
274 1792 473 1845 patriciae
493 1791 656 1843 rapitur
676 1789 800 1829 miser
820 1788 1132 1840 extinguendus

120 1858 364 1898 Messalinae
384 1856 533 1904 oculis3
565 1855 729 1894 dudum
749 1855 864 1894 sedet
884 1853 956 1893 illa
975 1855 1120 1905 parato

119 1923 352 1963 flammeolo
373 1922 606 1974 Tyriusque
626 1920 766 1973 palam
787 1918 962 1971 genialis
982 1918 1026 1957 in
1046 1916 1182 1957 hortis

120 1989 323 2028 sternitur
343 1990 384 2027 et
405 1987 490 2026 ritu
512 1986 646 2025 decies
667 1987 845 2024 centena
865 1984 1081 2024 dabuntur

120 2053 307 2105 antiquo,
332 2052 470 2091 veniet
491 2065 583 2091 cum
607 2049 888 2102 signatoribus
907 2061 1078 2100 auspex.

120 2119 221 2157 haec
242 2122 288 2156 tu
310 2120 465 2156 secreta
485 2120 527 2155 et
546 2115 690 2166 paucis
709 2114 928 2154 commissa
948 2113 1123 2165 putabas
1137 2113 1156 2150 ’ἓ

122 2197 204 2221 non
228 2182 303 2221 nisi
326 2181 512 2233 legitime
533 2180 625 2219 vult
646 2180 814 2219 nubere.
877 2178 977 2229 quid
998 2177 1159 2229 placeat
1179 2176 1264 2215 dic:

122 2248 166 2287 ni
188 2260 330 2299 parere
354 2246 466 2292 velis,
490 2245 754 2297 pereundum
775 2244 854 2283 erit
874 2246 972 2282 ante
991 2242 1200 2289 lucernas3

123 2313 153 2352 si
176 2312 307 2351 scelus
327 2311 538 2357 admittas,
563 2310 733 2349 dabitur
752 2322 868 2348 mora
887 2307 1074 2359 parvula,
1098 2305 1199 2345 dum
1220 2318 1284 2345 res

125 2382 222 2416 nota
244 2376 334 2415 urbi
357 2379 398 2415 et
418 2375 572 2427 populo
595 2374 812 2425 contingat
832 2371 1035 2425 principis
1054 2383 1210 2410 aurem.

123 2442 302 2483 dedecus
323 2440 394 2479 ille
415 2440 564 2479 domus
584 2439 685 2479 sciet
704 2438 899 2486 ultimus3
930 2436 1090 2476 interea
1109 2438 1157 2474 tu

1491 684 1570 722 315

1494 1009 1572 1047 320

1497 1658 1576 1696 330

1497 1983 1575 2021 335

1499 2306 1576 2344 340
