1778 2693
705 116 882 145 SATVRA
913 116 1002 145 VIII

116 217 284 269 iamque
306 219 415 265 tace3
447 216 566 256 furor
586 219 648 256 est
668 219 763 269 post
783 216 925 257 omnia
946 217 1118 269 perdere
1138 217 1330 258 naulum.

117 294 201 320 non
224 281 335 321 idem
357 280 541 332 gemitus
563 281 663 320 olim
685 295 820 334 neque
841 281 995 321 vulnus
1016 285 1104 322 erat
1124 295 1200 334 par

117 347 366 386 damnorum
390 346 510 385 sociis
531 345 776 386 florentibus
797 350 839 386 et
859 347 983 386 modo
1006 347 1137 386 victis.

117 411 240 463 plena
260 412 409 451 domus
432 415 533 450 tunc
555 411 705 459 omnis,
730 416 771 451 et
793 413 940 463 ingens
962 413 1097 451 stabat
1117 426 1289 452 acervus

118 490 402 524 nummorum,
429 476 635 529 Spartana
655 477 855 529 chlamys,
881 478 1100 530 conchylia
1121 478 1219 526 Coa,

116 545 157 582 et
177 555 273 582 cum
297 542 505 581 Parrhasii
529 542 683 581 tabulis
704 543 917 594 signisque
940 542 1127 595 Myronis

118 607 368 647 Phidiacum
393 607 559 646 vivebat
580 607 697 655 ebur,
722 621 798 647 nec
822 621 904 647 non
928 608 1124 660 Polycliti

116 673 278 712 multus
298 672 454 724 ubique
475 672 605 719 labor,
630 685 745 712 rarae
767 672 855 712 sine
878 672 1069 712 Mentore
1091 686 1269 713 mensae.

115 738 214 778 inde
240 737 458 777 Dolabella
478 742 604 789 atque
626 737 726 777 hinc
748 737 978 785 Antonius,
1003 737 1101 777 inde

115 803 342 854 sacrilegus
363 803 514 842 Verres
535 802 774 842 referebant
795 803 972 842 navibus
992 803 1089 842 altis

115 868 279 908 occulta
299 867 431 920 spolia
452 870 494 907 et
514 867 654 920 plures
675 868 727 907 de
747 881 847 920 pace
868 867 1121 920 triumphos.

115 946 230 973 nunc
250 933 370 973 sociis
391 933 489 984 iuga
509 945 642 985 pauca
661 933 804 980 boum,
828 946 929 985 grex
951 946 1105 985 parvus
1125 947 1343 986 equarum,

113 1001 156 1038 et
175 1000 296 1051 pater
315 998 496 1037 armenti
518 1000 641 1049 capto
667 998 872 1050 eripietur
893 998 1042 1049 agello,

113 1063 191 1117 ipsi
214 1063 365 1103 deinde
389 1063 526 1110 Lares,
551 1063 583 1102 si
605 1063 716 1115 quod
743 1063 970 1115 spectabile
991 1063 1176 1115 signum,

114 1129 147 1170 si
169 1129 263 1181 quis
284 1128 327 1168 in
349 1128 539 1168 aedicula
559 1128 661 1167 deus
682 1128 852 1177 unicus3
883 1128 985 1168 haec
1006 1129 1163 1168 etenim
1185 1131 1285 1168 sunt

114 1208 190 1247 pro
211 1194 400 1241 summis,
426 1207 522 1233 narn
545 1197 645 1232 sunt
667 1193 768 1233 haec
790 1194 984 1234 maxima.
1047 1195 1253 1246 despicias
1273 1198 1320 1233 tu

113 1259 290 1300 forsitan
313 1259 480 1298 inbellis
502 1259 686 1298 Rhodios
708 1263 965 1311 unctamque
988 1260 1239 1307 Corinthon,

114 1324 318 1377 despicias
339 1324 508 1373 merito3
541 1324 640 1376 quid
665 1324 843 1364 resinata
865 1324 1063 1364 iuventus

113 1403 318 1442 cruraque
340 1389 470 1429 totius
490 1390 649 1428 facient
671 1389 747 1428 tibi
774 1390 882 1429 levia
903 1390 1072 1441 gentis?

114 1455 284 1495 horrida
306 1455 476 1494 vitanda
498 1458 560 1493 cst
583 1454 803 1506 Hispania,
829 1454 1016 1494 Gallicus
1035 1455 1124 1494 axis

114 1520 416 1572 Illyricumque
437 1519 566 1567 latus3
597 1533 720 1572 parce
741 1523 784 1558 et
805 1520 1055 1559 messoribus
1076 1520 1159 1559 illis

114 1585 185 1638 qui
207 1588 400 1624 saturant
421 1584 563 1623 urbem
587 1584 698 1624 circo
719 1597 973 1636 scaenaeque
996 1588 1234 1634 vacantem3

114 1654 272 1703 quanta
291 1652 434 1689 autem
456 1649 554 1688 inde
576 1650 684 1688 feres
705 1652 790 1688 tam
813 1649 927 1689 dirae
948 1650 1135 1700 praemia
1154 1650 1315 1702 culpae,

113 1727 210 1754 cum
232 1714 371 1754 tenuis
393 1727 528 1766 nuper
549 1714 708 1753 Marius
729 1714 977 1754 discinxerit
999 1715 1125 1754 Afros
1139 1716 1158 1753 ⁴?

113 1780 350 1819 curandum
371 1779 415 1818 in
436 1778 584 1831 primis
605 1792 657 1819 ne
679 1792 832 1830 magna
852 1779 1008 1819 iniuria
1029 1780 1102 1819 fiat

113 1844 295 1884 fortibus
315 1847 356 1884 et
377 1844 549 1883 miseris.
613 1844 733 1883 tollas
754 1844 853 1884 licet
872 1857 996 1884 omne
1019 1845 1130 1896 quod
1153 1858 1329 1898 usquam
1350 1849 1411 1885 est

113 1909 203 1949 auri
225 1912 350 1962 atque
371 1909 550 1961 argenti,
575 1913 744 1948 scutum
764 1909 1040 1962 gladiumque
1062 1910 1272 1962 relinques

113 1978 154 2014 et
175 1974 361 2014 iaculum
383 1977 425 2014 et
445 1974 626 2026 galeam3
658 1975 846 2026 spoliatis
867 1988 983 2014 arma
1011 1978 1254 2027 supersunt.

113 2039 222 2091 quod
247 2039 371 2078 modo
392 2039 604 2091 proposui,
630 2052 714 2079 non
736 2042 798 2078 est
818 2039 1046 2079 sententia:
1071 2053 1215 2079 verum
1237 2043 1312 2088 est,

112 2103 269 2143 credite
292 2117 357 2143 me
379 2103 494 2143 vobis
514 2104 666 2143 folium
688 2104 862 2143 recitare
885 2104 1080 2155 Sibyllae.

112 2167 143 2207 si
169 2168 243 2208 tibi
266 2171 410 2208 sancta
430 2168 577 2208 cohors
598 2169 816 2216 comitum,
842 2169 875 2208 si
899 2182 1021 2208 nemo
1043 2169 1229 2209 tribunal

112 2233 258 2273 vendit
278 2246 567 2281 aeeoeeoomes,
592 2234 623 2273 si
648 2233 812 2272 nullum
837 2234 876 2272 in
902 2234 1080 2285 coniuge
1100 2235 1276 2283 crimen,

112 2311 187 2338 nec
208 2311 283 2350 per
303 2302 536 2338 conventus
555 2302 598 2338 et
618 2302 773 2338 cuncta
793 2312 867 2349 per
887 2299 1044 2351 oppida
1063 2300 1203 2340 curvis

111 2363 326 2414 unguibus
347 2363 405 2403 ire
427 2367 547 2416 parat
569 2377 764 2403 nummos
784 2367 957 2416 raptura
979 2364 1172 2413 Celaeno,

110 2429 158 2466 tu
179 2426 280 2467 licet
298 2440 322 2467 a
343 2427 443 2468 Pico
464 2441 660 2468 numeres
679 2441 826 2481 genus,
850 2429 1018 2481 altaque
1039 2429 1072 2469 si
1095 2432 1135 2469 te

1529 107 1578 148 61

1509 416 1583 452 100

1508 1067 1583 1104 110

1507 1393 1581 1431 115

1505 1718 1580 1755 120

1504 2370 1579 2407 130
