1778 2693
666 98 842 128 SATVRA
873 99 942 129 VII

596 495 771 536 LIBER
811 496 1063 538 TERTIVS

679 614 876 648 SATVRA
908 615 980 649 VII

93 725 152 766 Et
171 739 262 778 spes
282 727 325 766 et
345 724 451 765 ratio
471 724 710 764 studiorum
732 724 775 764 in
800 724 974 765 Caesare
996 728 1180 766 tantum.

91 791 203 830 solus
222 790 334 830 enim
357 790 496 830 tristes
521 789 597 829 hac
619 792 866 842 tempestate
889 790 1092 831 Camenas

91 856 286 909 respexit,
311 869 407 895 cum
429 855 512 894 iam
533 855 712 894 celebres
734 855 908 907 notique
930 861 1075 908 poetae

91 921 331 961 balneolum
356 920 513 968 Gabiis,
542 920 696 959 Romae
719 921 957 961 conducere
979 921 1129 962 furnos

90 988 362 1038 temptarent,
386 998 462 1025 nec
482 985 656 1025 foedum
677 985 749 1024 alii
771 998 846 1025 nec
869 989 992 1038 turpe
1013 990 1214 1040 putarent

89 1064 312 1104 praecones
332 1051 436 1099 fieri,
460 1064 557 1090 cum
579 1051 753 1090 desertis
777 1052 1020 1104 Aganippes

89 1117 267 1156 vallibus
286 1116 473 1156 esuriens
494 1116 695 1167 migraret
717 1115 759 1154 in
781 1116 888 1156 atria
910 1117 1015 1157 Clio.

89 1195 186 1222 nam
208 1181 241 1221 si
264 1181 402 1221 Pieria
421 1181 632 1234 quadrans
653 1181 730 1220 tibi
752 1181 897 1221 nullus
917 1182 961 1221 in
983 1184 1132 1223 umbra

88 1247 350 1295 ostendatur,
375 1259 486 1286 ames
506 1259 661 1286 nomen
683 1246 928 1299 victumque
950 1247 1195 1289 Machaerae

88 1314 131 1352 et
151 1312 305 1352 vendas
324 1312 479 1364 potius,
504 1311 724 1351 commissa
746 1312 857 1364 quod
879 1313 1019 1353 auctio
1041 1314 1187 1353 vendit

89 1377 312 1425 stantibus,
337 1376 625 1429 oenophorum
649 1376 831 1429 tripedes
853 1378 1032 1418 armaria
1053 1378 1176 1418 cistas

89 1442 316 1482 Alcithoen
340 1442 475 1490 Pacci,
500 1442 665 1481 Thebas
685 1445 728 1481 et
750 1442 883 1482 Terea
903 1443 1064 1483 Fausti.

89 1508 168 1548 hoc
188 1507 318 1548 satius
338 1521 464 1560 quam
485 1507 518 1547 si
540 1507 653 1547 dicas
673 1507 750 1546 sub
772 1507 910 1547 iudice
935 1508 944 1526 ⁴
962 1508 1046 1548 vidi
1064 1509 1074 1527 ³

89 1573 202 1626 quod
222 1586 308 1613 non
330 1573 486 1621 vidisti,
511 1572 672 1612 faciant
693 1572 855 1624 equites
877 1573 1023 1613 Asiani

89 1651 344 1691 quamquam
364 1640 406 1677 et
428 1637 695 1690 Cappadoces
716 1637 876 1677 faciant
897 1638 1142 1691 equitesque
1165 1639 1359 1691 Bithyni,

88 1703 219 1744 altera
240 1716 342 1755 quos
363 1703 479 1743 nudo
501 1702 687 1742 traducit
709 1702 845 1742 Gallia
866 1703 962 1743 talo.

89 1781 212 1808 nemo
232 1770 374 1807 tamen
395 1767 546 1807 studiis
567 1767 793 1819 indignum
816 1768 925 1808 ferre
946 1768 1131 1808 laborem

89 1835 262 1885 cogetur
281 1832 470 1886 posthac,
494 1832 626 1872 nectit
648 1832 904 1885 quicumque
925 1833 1086 1873 canoris

89 1897 302 1950 eloquium
325 1898 463 1938 vocale
485 1898 619 1938 modis
639 1898 890 1950 laurumque
912 1899 1155 1938 momordit.

91 1963 170 2004 hoc
189 1963 314 2016 agite,
338 1977 361 2003 o
381 1964 564 2004 iuvenes.
626 1963 915 2016 circumspicit
937 1967 978 2003 ct
999 1964 1191 2004 stimulat
1211 1978 1283 2005 vos

92 2028 393 2081 materiamque
414 2029 491 2069 sibi
512 2030 631 2070 ducis
651 2030 919 2082 indulgentia
940 2030 1119 2082 quaerit.

90 2093 209 2146 siqua
229 2093 400 2134 aliunde
420 2098 544 2147 putas
563 2109 702 2135 rerum
726 2096 952 2148 spectanda
973 2098 1142 2134 tuarum

90 2158 297 2210 praesidia
316 2162 441 2211 atque
463 2159 556 2200 ideo
577 2173 741 2200 croceae
765 2161 1007 2200 membrana
1031 2160 1204 2200 tabellae

91 2223 306 2277 impletur,
330 2225 542 2278 lignorum
566 2226 724 2278 aliquid
748 2239 868 2278 posce
890 2225 1003 2265 ocius
1025 2229 1068 2264 et
1089 2238 1193 2277 quae

89 2290 319 2342 componis,
343 2290 454 2330 dona
475 2291 664 2339 Veneris,
691 2290 896 2337 Telesine,
922 2290 1088 2338 marito,

88 2358 163 2394 aut
183 2355 305 2395 clude
325 2358 368 2395 et
387 2356 543 2409 positos
565 2356 677 2396 tinea
699 2355 906 2408 pertunde
929 2355 1101 2395 libellos.

88 2419 237 2472 frange
258 2420 383 2461 miser
402 2421 610 2461 calamum
632 2421 889 2474 vigilataque
911 2420 1069 2473 proelia
1089 2421 1197 2469 dele,

1515 105 1559 146 51

1511 1318 1561 1355 10

1508 2295 1556 2331 25
