<?xml version="1.0" encoding="UTF-8"?>
<!DOCTYPE html PUBLIC "-//W3C//DTD XHTML 1.0 Transitional//EN"
    "http://www.w3.org/TR/xhtml1/DTD/xhtml1-transitional.dtd">
<html xmlns="http://www.w3.org/1999/xhtml" xml:lang="en" lang="en">
 <head>
  <title>
</title>
<meta http-equiv="Content-Type" content="text/html;charset=utf-8" />
  <meta name='ocr-system' content='tesseract 3.04.00' />
  <meta name='ocr-capabilities' content='ocr_page ocr_carea ocr_par ocr_line ocrx_word'/>
</head>
<body>
  <div class='ocr_page' id='page_1' title='image "./saturarumlibriv00juveuoft_0108.png"; bbox 0 0 1778 2693; ppageno 0'>
   <div class='ocr_carea' id='block_1_1' title="bbox 200 124 1176 163">
    <p class='ocr_par' dir='ltr' id='par_1_1' title="bbox 200 124 1176 163">
     <span class='ocr_line' id='line_1_1' title="bbox 200 124 1176 163; baseline 0.001 -1"><span class='ocrx_word' id='word_1_1' title='bbox 200 124 254 162; x_wconf 81' lang='lat'>26</span> <span class='ocrx_word' id='word_1_2' title='bbox 689 134 731 161; x_wconf 87' lang='grc'>1).</span> <span class='ocrx_word' id='word_1_3' title='bbox 766 134 891 162; x_wconf 51' lang='grc'><strong>11311</strong></span> <span class='ocrx_word' id='word_1_4' title='bbox 924 134 1176 163; x_wconf 68' lang='lat' dir='ltr'>ivx&#39;ENAms</span> 
     </span>
    </p>
   </div>
   <div class='ocr_carea' id='block_1_2' title="bbox 162 233 1467 2489">
    <p class='ocr_par' dir='ltr' id='par_1_2' title="bbox 196 233 1226 349">
     <span class='ocr_line' id='line_1_2' title="bbox 197 233 1226 286; baseline 0 -13"><span class='ocrx_word' id='word_1_5' title='bbox 197 233 368 280; x_wconf 87' lang='lat' dir='ltr'>Setinis,</span> <span class='ocrx_word' id='word_1_6' title='bbox 394 234 515 274; x_wconf 88' lang='lat' dir='ltr'>cuius</span> <span class='ocrx_word' id='word_1_7' title='bbox 536 234 719 286; x_wconf 88' lang='lat' dir='ltr'>patriam</span> <span class='ocrx_word' id='word_1_8' title='bbox 742 234 1007 286; x_wconf 78' lang='lat' dir='ltr'>titulumque</span> <span class='ocrx_word' id='word_1_9' title='bbox 1029 237 1226 273; x_wconf 88' lang='lat' dir='ltr'>senectus</span> 
     </span>
     <span class='ocr_line' id='line_1_3' title="bbox 196 298 1062 349; baseline 0.001 -12"><span class='ocrx_word' id='word_1_10' title='bbox 196 299 353 338; x_wconf 77' lang='lat' dir='ltr'>delevit</span> <span class='ocrx_word' id='word_1_11' title='bbox 375 299 511 338; x_wconf 90' lang='lat' dir='ltr'>multa</span> <span class='ocrx_word' id='word_1_12' title='bbox 532 299 685 338; x_wconf 75' lang='lat' dir='ltr'>veteris</span> <span class='ocrx_word' id='word_1_13' title='bbox 708 298 891 349; x_wconf 84' lang='lat' dir='ltr'>fuligine</span> <span class='ocrx_word' id='word_1_14' title='bbox 914 302 1062 347; x_wconf 87' lang='lat' dir='ltr'>testae,</span> 
     </span>
    </p>

    <p class='ocr_par' dir='ltr' id='par_1_3' title="bbox 194 364 1388 675">
     <span class='ocr_line' id='line_1_4' title="bbox 195 364 1296 417; baseline 0.002 -15"><span class='ocrx_word' id='word_1_15' title='bbox 195 364 317 415; x_wconf 87' lang='lat' dir='ltr'>quale</span> <span class='ocrx_word' id='word_1_16' title='bbox 340 364 529 403; x_wconf 80' lang='lat' dir='ltr'>coronati</span> <span class='ocrx_word' id='word_1_17' title='bbox 553 364 739 403; x_wconf 77' lang='lat' dir='ltr'>Thrasea</span> <span class='ocrx_word' id='word_1_18' title='bbox 762 364 1073 417; x_wconf 74' lang='lat' dir='ltr'>Helvidiusque</span> <span class='ocrx_word' id='word_1_19' title='bbox 1096 365 1296 404; x_wconf 81' lang='lat' dir='ltr'>bibebant</span> 
     </span>
     <span class='ocr_line' id='line_1_5' title="bbox 197 428 1225 481; baseline 0.002 -15"><span class='ocrx_word' id='word_1_20' title='bbox 197 429 429 468; x_wconf 79' lang='lat' dir='ltr'>Brutorum</span> <span class='ocrx_word' id='word_1_21' title='bbox 451 432 492 468; x_wconf 92' lang='lat' dir='ltr'>et</span> <span class='ocrx_word' id='word_1_22' title='bbox 516 428 631 468; x_wconf 83' lang='lat' dir='ltr'>Cassi</span> <span class='ocrx_word' id='word_1_23' title='bbox 654 429 881 468; x_wconf 83' lang='lat' dir='ltr'>natalibus.</span> <span class='ocrx_word' id='word_1_24' title='bbox 943 429 1031 481; x_wconf 85' lang='lat' dir='ltr'>ipse</span> <span class='ocrx_word' id='word_1_25' title='bbox 1053 443 1225 481; x_wconf 85' lang='lat' dir='ltr'>capaces</span> 
     </span>
     <span class='ocr_line' id='line_1_6' title="bbox 196 493 1274 550; baseline 0.002 -19"><span class='ocrx_word' id='word_1_26' title='bbox 196 493 425 532; x_wconf 85' lang='lat' dir='ltr'>Heliadum</span> <span class='ocrx_word' id='word_1_27' title='bbox 447 498 610 533; x_wconf 86' lang='lat' dir='ltr'>crustas</span> <span class='ocrx_word' id='word_1_28' title='bbox 632 498 674 532; x_wconf 91' lang='lat' dir='ltr'>et</span> <span class='ocrx_word' id='word_1_29' title='bbox 696 494 938 546; x_wconf 80' lang='lat' dir='ltr'>inaequales</span> <span class='ocrx_word' id='word_1_30' title='bbox 960 494 1123 533; x_wconf 87' lang='lat' dir='ltr'>berullo</span> <span class='ocrx_word' id='word_1_31' title='bbox 1268 544 1274 550; x_wconf 41' lang='grc'>·</span> 
     </span>
     <span class='ocr_line' id='line_1_7' title="bbox 198 558 1388 610; baseline 0.002 -14"><span class='ocrx_word' id='word_1_32' title='bbox 198 559 318 597; x_wconf 69' lang='lat' dir='ltr'>Virro</span> <span class='ocrx_word' id='word_1_33' title='bbox 341 563 457 597; x_wconf 88' lang='lat' dir='ltr'>tenet</span> <span class='ocrx_word' id='word_1_34' title='bbox 480 558 643 610; x_wconf 77' lang='lat' dir='ltr'>phialas</span> <span class='ocrx_word' id='word_1_35' title='bbox 663 572 671 597; x_wconf 92' lang='lat'>:</span> <span class='ocrx_word' id='word_1_36' title='bbox 702 558 780 597; x_wconf 91' lang='lat' dir='ltr'>tibi</span> <span class='ocrx_word' id='word_1_37' title='bbox 803 572 889 598; x_wconf 87' lang='lat' dir='ltr'>non</span> <span class='ocrx_word' id='word_1_38' title='bbox 912 559 1200 598; x_wconf 77' lang='lat' dir='ltr'>committitur</span> <span class='ocrx_word' id='word_1_39' title='bbox 1221 572 1388 608; x_wconf 76' lang='lat' dir='ltr'>aurum,</span> 
     </span>
     <span class='ocr_line' id='line_1_8' title="bbox 194 623 1219 675; baseline 0.001 -14"><span class='ocrx_word' id='word_1_40' title='bbox 194 623 256 661; x_wconf 76' lang='lat' dir='ltr'>vel</span> <span class='ocrx_word' id='word_1_41' title='bbox 279 623 311 662; x_wconf 89' lang='lat' dir='ltr'>si</span> <span class='ocrx_word' id='word_1_42' title='bbox 335 624 505 675; x_wconf 87' lang='lat' dir='ltr'>quando</span> <span class='ocrx_word' id='word_1_43' title='bbox 527 624 668 670; x_wconf 88' lang='lat' dir='ltr'>datur,</span> <span class='ocrx_word' id='word_1_44' title='bbox 693 627 836 663; x_wconf 88' lang='lat' dir='ltr'>custos</span> <span class='ocrx_word' id='word_1_45' title='bbox 858 624 1021 663; x_wconf 79' lang='lat' dir='ltr'>adfixus</span> <span class='ocrx_word' id='word_1_46' title='bbox 1047 624 1219 671; x_wconf 79' lang='lat' dir='ltr'>ibidem,</span> 
     </span>
    </p>

    <p class='ocr_par' dir='ltr' id='par_1_4' title="bbox 193 687 1293 739">
     <span class='ocr_line' id='line_1_9' title="bbox 193 687 1293 739; baseline 0.001 -13"><span class='ocrx_word' id='word_1_47' title='bbox 193 687 264 739; x_wconf 91' lang='lat' dir='ltr'>qui</span> <span class='ocrx_word' id='word_1_48' title='bbox 287 692 482 727; x_wconf 88' lang='lat' dir='ltr'>numeret</span> <span class='ocrx_word' id='word_1_49' title='bbox 504 701 705 739; x_wconf 87' lang='lat' dir='ltr'>gemmas,</span> <span class='ocrx_word' id='word_1_50' title='bbox 731 701 897 739; x_wconf 87' lang='lat' dir='ltr'>ungues</span> <span class='ocrx_word' id='word_1_51' title='bbox 919 688 1112 727; x_wconf 80' lang='lat' dir='ltr'>observet</span> <span class='ocrx_word' id='word_1_52' title='bbox 1134 691 1293 728; x_wconf 89' lang='lat' dir='ltr'>acutos.</span> 
     </span>
    </p>

    <p class='ocr_par' dir='ltr' id='par_1_5' title="bbox 193 752 1165 805">
     <span class='ocr_line' id='line_1_10' title="bbox 193 752 1165 805; baseline 0.001 -14"><span class='ocrx_word' id='word_1_53' title='bbox 193 752 245 791; x_wconf 87' lang='lat' dir='ltr'>da</span> <span class='ocrx_word' id='word_1_54' title='bbox 266 753 446 799; x_wconf 81' lang='lat' dir='ltr'>veniam,</span> <span class='ocrx_word' id='word_1_55' title='bbox 471 753 687 804; x_wconf 86' lang='lat' dir='ltr'>praeclara</span> <span class='ocrx_word' id='word_1_56' title='bbox 708 753 769 791; x_wconf 91' lang='lat' dir='ltr'>illi</span> <span class='ocrx_word' id='word_1_57' title='bbox 787 753 990 792; x_wconf 85' lang='lat' dir='ltr'>laudatur</span> <span class='ocrx_word' id='word_1_58' title='bbox 1012 753 1165 805; x_wconf 80' lang='lat' dir='ltr'>iaspis,</span> 
     </span>
    </p>

    <p class='ocr_par' dir='ltr' id='par_1_6' title="bbox 192 817 1384 934">
     <span class='ocr_line' id='line_1_11' title="bbox 192 817 1384 869; baseline 0.003 -14"><span class='ocrx_word' id='word_1_59' title='bbox 192 830 290 856; x_wconf 90' lang='lat' dir='ltr'>nam</span> <span class='ocrx_word' id='word_1_60' title='bbox 312 817 452 865; x_wconf 70' lang='lat' dir='ltr'>Virro,</span> <span class='ocrx_word' id='word_1_61' title='bbox 478 820 526 856; x_wconf 91' lang='lat' dir='ltr'>ut</span> <span class='ocrx_word' id='word_1_62' title='bbox 548 817 690 865; x_wconf 86' lang='lat' dir='ltr'>multi,</span> <span class='ocrx_word' id='word_1_63' title='bbox 715 830 905 869; x_wconf 88' lang='lat' dir='ltr'>gemmas</span> <span class='ocrx_word' id='word_1_64' title='bbox 927 818 980 857; x_wconf 90' lang='lat' dir='ltr'>ad</span> <span class='ocrx_word' id='word_1_65' title='bbox 1002 818 1155 869; x_wconf 88' lang='lat' dir='ltr'>pocula</span> <span class='ocrx_word' id='word_1_66' title='bbox 1177 817 1384 859; x_wconf 77' lang='lat' dir='ltr'>transfert</span> 
     </span>
     <span class='ocr_line' id='line_1_12' title="bbox 192 881 1138 934; baseline 0 -13"><span class='ocrx_word' id='word_1_67' title='bbox 192 895 215 921; x_wconf 91' lang='lat' dir='ltr'>a</span> <span class='ocrx_word' id='word_1_68' title='bbox 236 882 397 934; x_wconf 82' lang='lat' dir='ltr'>digitis,</span> <span class='ocrx_word' id='word_1_69' title='bbox 422 895 525 934; x_wconf 86' lang='lat' dir='ltr'>quas</span> <span class='ocrx_word' id='word_1_70' title='bbox 547 881 591 920; x_wconf 90' lang='grc'>111</span> <span class='ocrx_word' id='word_1_71' title='bbox 613 882 790 934; x_wconf 73' lang='lat' dir='ltr'>vaginae</span> <span class='ocrx_word' id='word_1_72' title='bbox 811 882 955 922; x_wconf 78' lang='lat' dir='ltr'>fronte</span> <span class='ocrx_word' id='word_1_73' title='bbox 977 883 1138 921; x_wconf 87' lang='lat' dir='ltr'>solebat</span> 
     </span>
    </p>

    <p class='ocr_par' dir='ltr' id='par_1_7' title="bbox 191 947 1167 999">
     <span class='ocr_line' id='line_1_13' title="bbox 191 947 1167 999; baseline 0.001 -14"><span class='ocrx_word' id='word_1_74' title='bbox 191 959 347 998; x_wconf 88' lang='lat' dir='ltr'>ponere</span> <span class='ocrx_word' id='word_1_75' title='bbox 369 947 562 999; x_wconf 80' lang='lat' dir='ltr'>zelotypo</span> <span class='ocrx_word' id='word_1_76' title='bbox 584 947 749 986; x_wconf 76' lang='lat' dir='ltr'>iuvenis</span> <span class='ocrx_word' id='word_1_77' title='bbox 771 947 986 999; x_wconf 87' lang='lat' dir='ltr'>praelatus</span> <span class='ocrx_word' id='word_1_78' title='bbox 1009 947 1167 987; x_wconf 85' lang='lat' dir='ltr'>Iarbae.</span> 
     </span>
    </p>

    <p class='ocr_par' dir='ltr' id='par_1_8' title="bbox 192 1011 1160 1051">
     <span class='ocr_line' id='line_1_14' title="bbox 192 1011 1160 1051; baseline 0.001 -1"><span class='ocrx_word' id='word_1_79' title='bbox 192 1014 240 1050; x_wconf 90' lang='lat' dir='ltr'>tu</span> <span class='ocrx_word' id='word_1_80' title='bbox 262 1011 553 1051; x_wconf 72' lang='lat' dir='ltr'>Beneventani</span> <span class='ocrx_word' id='word_1_81' title='bbox 576 1012 732 1051; x_wconf 89' lang='lat' dir='ltr'>sutoris</span> <span class='ocrx_word' id='word_1_82' title='bbox 753 1025 909 1051; x_wconf 88' lang='lat' dir='ltr'>nomen</span> <span class='ocrx_word' id='word_1_83' title='bbox 931 1011 1160 1051; x_wconf 84' lang='lat' dir='ltr'>habentem</span> 
     </span>
    </p>

    <p class='ocr_par' dir='ltr' id='par_1_9' title="bbox 191 1075 1258 1193">
     <span class='ocr_line' id='line_1_15' title="bbox 191 1075 1185 1128; baseline 0.001 -13"><span class='ocrx_word' id='word_1_84' title='bbox 191 1075 366 1115; x_wconf 79' lang='lat' dir='ltr'>siccabis</span> <span class='ocrx_word' id='word_1_85' title='bbox 389 1076 563 1116; x_wconf 77' lang='lat' dir='ltr'>calicem</span> <span class='ocrx_word' id='word_1_86' title='bbox 584 1090 785 1116; x_wconf 86' lang='lat' dir='ltr'>nasorum</span> <span class='ocrx_word' id='word_1_87' title='bbox 807 1080 1012 1128; x_wconf 87' lang='lat' dir='ltr'>quattuor</span> <span class='ocrx_word' id='word_1_88' title='bbox 1033 1090 1080 1116; x_wconf 88' lang='lat' dir='ltr'>ac</span> <span class='ocrx_word' id='word_1_89' title='bbox 1102 1077 1185 1116; x_wconf 89' lang='lat' dir='ltr'>iam</span> 
     </span>
     <span class='ocr_line' id='line_1_16' title="bbox 191 1141 1258 1193; baseline 0.001 -13"><span class='ocrx_word' id='word_1_90' title='bbox 191 1144 438 1192; x_wconf 87' lang='lat' dir='ltr'>quassatum</span> <span class='ocrx_word' id='word_1_91' title='bbox 459 1144 501 1180; x_wconf 91' lang='lat' dir='ltr'>et</span> <span class='ocrx_word' id='word_1_92' title='bbox 522 1145 650 1193; x_wconf 85' lang='lat' dir='ltr'>rupto</span> <span class='ocrx_word' id='word_1_93' title='bbox 672 1146 918 1192; x_wconf 88' lang='lat' dir='ltr'>poscentem</span> <span class='ocrx_word' id='word_1_94' title='bbox 941 1141 1115 1193; x_wconf 79' lang='lat' dir='ltr'>sulpura</span> <span class='ocrx_word' id='word_1_95' title='bbox 1137 1142 1258 1182; x_wconf 79' lang='lat' dir='ltr'>vitro,</span> 
     </span>
    </p>

    <p class='ocr_par' dir='ltr' id='par_1_10' title="bbox 190 1205 1253 1322">
     <span class='ocr_line' id='line_1_17' title="bbox 190 1205 1253 1258; baseline 0.001 -14"><span class='ocrx_word' id='word_1_96' title='bbox 190 1205 223 1245; x_wconf 88' lang='lat' dir='ltr'>si</span> <span class='ocrx_word' id='word_1_97' title='bbox 246 1205 489 1246; x_wconf 85' lang='lat' dir='ltr'>stomachus</span> <span class='ocrx_word' id='word_1_98' title='bbox 511 1206 672 1246; x_wconf 89' lang='lat' dir='ltr'>domini</span> <span class='ocrx_word' id='word_1_99' title='bbox 694 1206 832 1245; x_wconf 83' lang='lat' dir='ltr'>fervet</span> <span class='ocrx_word' id='word_1_100' title='bbox 854 1206 1038 1258; x_wconf 76' lang='lat' dir='ltr'>vinoque</span> <span class='ocrx_word' id='word_1_101' title='bbox 1060 1206 1253 1258; x_wconf 84' lang='lat' dir='ltr'>ciboque,</span> 
     </span>
     <span class='ocr_line' id='line_1_18' title="bbox 190 1269 1163 1322; baseline 0.001 -14"><span class='ocrx_word' id='word_1_102' title='bbox 190 1269 387 1321; x_wconf 78' lang='lat' dir='ltr'>frigidior</span> <span class='ocrx_word' id='word_1_103' title='bbox 409 1270 569 1310; x_wconf 89' lang='lat' dir='ltr'>Geticis</span> <span class='ocrx_word' id='word_1_104' title='bbox 590 1270 754 1322; x_wconf 89' lang='lat' dir='ltr'>petitur</span> <span class='ocrx_word' id='word_1_105' title='bbox 776 1270 951 1309; x_wconf 86' lang='lat' dir='ltr'>decocta</span> <span class='ocrx_word' id='word_1_106' title='bbox 972 1270 1137 1322; x_wconf 87' lang='lat' dir='ltr'>pruinis</span> <span class='ocrx_word' id='word_1_107' title='bbox 1156 1285 1163 1309; x_wconf 94' lang='lat'>:</span> 
     </span>
    </p>

    <p class='ocr_par' dir='ltr' id='par_1_11' title="bbox 190 1335 1239 1387">
     <span class='ocr_line' id='line_1_19' title="bbox 190 1335 1239 1387; baseline 0.002 -14"><span class='ocrx_word' id='word_1_108' title='bbox 190 1347 275 1373; x_wconf 90' lang='lat' dir='ltr'>non</span> <span class='ocrx_word' id='word_1_109' title='bbox 298 1335 444 1374; x_wconf 89' lang='lat' dir='ltr'>eadem</span> <span class='ocrx_word' id='word_1_110' title='bbox 466 1335 583 1375; x_wconf 73' lang='lat' dir='ltr'>vobis</span> <span class='ocrx_word' id='word_1_111' title='bbox 604 1335 705 1387; x_wconf 90' lang='lat' dir='ltr'>poni</span> <span class='ocrx_word' id='word_1_112' title='bbox 728 1336 853 1374; x_wconf 90' lang='lat' dir='ltr'>modo</span> <span class='ocrx_word' id='word_1_113' title='bbox 875 1335 974 1374; x_wconf 82' lang='lat' dir='ltr'>vina</span> <span class='ocrx_word' id='word_1_114' title='bbox 996 1336 1199 1387; x_wconf 88' lang='lat' dir='ltr'>querebar</span> <span class='ocrx_word' id='word_1_115' title='bbox 1222 1335 1239 1375; x_wconf 79' lang='grc' dir='ltr'><em>Ρ</em></span> 
     </span>
    </p>

    <p class='ocr_par' dir='ltr' id='par_1_12' title="bbox 190 1399 1261 1516">
     <span class='ocr_line' id='line_1_20' title="bbox 190 1399 1261 1452; baseline 0.002 -14"><span class='ocrx_word' id='word_1_116' title='bbox 190 1412 263 1438; x_wconf 79' lang='lat' dir='ltr'>vos</span> <span class='ocrx_word' id='word_1_117' title='bbox 284 1399 409 1438; x_wconf 87' lang='lat' dir='ltr'>aliam</span> <span class='ocrx_word' id='word_1_118' title='bbox 430 1400 588 1451; x_wconf 87' lang='lat' dir='ltr'>potatis</span> <span class='ocrx_word' id='word_1_119' title='bbox 610 1414 775 1452; x_wconf 87' lang='lat' dir='ltr'>aquam.</span> <span class='ocrx_word' id='word_1_120' title='bbox 840 1400 918 1439; x_wconf 90' lang='lat' dir='ltr'>tibi</span> <span class='ocrx_word' id='word_1_121' title='bbox 941 1400 1094 1452; x_wconf 89' lang='lat' dir='ltr'>pocula</span> <span class='ocrx_word' id='word_1_122' title='bbox 1116 1413 1261 1440; x_wconf 88' lang='lat' dir='ltr'>cursor</span> 
     </span>
     <span class='ocr_line' id='line_1_21' title="bbox 192 1463 1239 1516; baseline 0.001 -14"><span class='ocrx_word' id='word_1_123' title='bbox 192 1463 398 1503; x_wconf 87' lang='lat' dir='ltr'>Gaetulus</span> <span class='ocrx_word' id='word_1_124' title='bbox 420 1464 538 1503; x_wconf 87' lang='lat' dir='ltr'>dabit</span> <span class='ocrx_word' id='word_1_125' title='bbox 559 1468 633 1503; x_wconf 91' lang='lat' dir='ltr'>aut</span> <span class='ocrx_word' id='word_1_126' title='bbox 655 1464 766 1516; x_wconf 87' lang='lat' dir='ltr'>nigri</span> <span class='ocrx_word' id='word_1_127' title='bbox 789 1478 940 1503; x_wconf 89' lang='lat' dir='ltr'>manus</span> <span class='ocrx_word' id='word_1_128' title='bbox 963 1478 1078 1503; x_wconf 88' lang='lat' dir='ltr'>ossea</span> <span class='ocrx_word' id='word_1_129' title='bbox 1102 1465 1239 1504; x_wconf 82' lang='lat' dir='ltr'>Mauri</span> 
     </span>
    </p>

    <p class='ocr_par' dir='ltr' id='par_1_13' title="bbox 190 1529 1308 1777">
     <span class='ocr_line' id='line_1_22' title="bbox 190 1529 1199 1581; baseline 0.003 -14"><span class='ocrx_word' id='word_1_130' title='bbox 190 1531 233 1568; x_wconf 89' lang='lat' dir='ltr'>et</span> <span class='ocrx_word' id='word_1_131' title='bbox 254 1529 322 1568; x_wconf 90' lang='lat' dir='ltr'>cui</span> <span class='ocrx_word' id='word_1_132' title='bbox 343 1542 418 1581; x_wconf 85' lang='lat' dir='ltr'>per</span> <span class='ocrx_word' id='word_1_133' title='bbox 438 1529 621 1568; x_wconf 87' lang='lat' dir='ltr'>mediam</span> <span class='ocrx_word' id='word_1_134' title='bbox 643 1530 751 1569; x_wconf 89' lang='lat' dir='ltr'>nolis</span> <span class='ocrx_word' id='word_1_135' title='bbox 773 1544 993 1570; x_wconf 89' lang='lat' dir='ltr'>occurrere</span> <span class='ocrx_word' id='word_1_136' title='bbox 1016 1535 1199 1579; x_wconf 87' lang='lat' dir='ltr'>noctem,</span> 
     </span>
     <span class='ocr_line' id='line_1_23' title="bbox 190 1593 1308 1646; baseline 0.004 -14"><span class='ocrx_word' id='word_1_137' title='bbox 190 1593 370 1632; x_wconf 83' lang='lat' dir='ltr'>clivosae</span> <span class='ocrx_word' id='word_1_138' title='bbox 392 1593 555 1633; x_wconf 81' lang='lat' dir='ltr'>veheris</span> <span class='ocrx_word' id='word_1_139' title='bbox 577 1594 679 1632; x_wconf 90' lang='lat' dir='ltr'>dum</span> <span class='ocrx_word' id='word_1_140' title='bbox 702 1607 776 1646; x_wconf 87' lang='lat' dir='ltr'>per</span> <span class='ocrx_word' id='word_1_141' title='bbox 798 1600 1077 1634; x_wconf 88' lang='lat' dir='ltr'>monumenta</span> <span class='ocrx_word' id='word_1_142' title='bbox 1099 1595 1277 1637; x_wconf 87' lang='lat' dir='ltr'>Latinae</span> <span class='ocrx_word' id='word_1_143' title='bbox 1297 1607 1308 1637; x_wconf 74' lang='grc' dir='ltr'><em>Ξ</em></span> 
     </span>
     <span class='ocr_line' id='line_1_24' title="bbox 190 1658 1246 1712; baseline 0.004 -16"><span class='ocrx_word' id='word_1_144' title='bbox 190 1658 264 1697; x_wconf 88' lang='lat' dir='ltr'>fios</span> <span class='ocrx_word' id='word_1_145' title='bbox 286 1658 410 1697; x_wconf 89' lang='lat' dir='ltr'>Asiae</span> <span class='ocrx_word' id='word_1_146' title='bbox 431 1662 530 1697; x_wconf 88' lang='lat' dir='ltr'>ante</span> <span class='ocrx_word' id='word_1_147' title='bbox 552 1663 707 1710; x_wconf 88' lang='lat' dir='ltr'>ipsum,</span> <span class='ocrx_word' id='word_1_148' title='bbox 732 1660 869 1711; x_wconf 87' lang='lat' dir='ltr'>pretio</span> <span class='ocrx_word' id='word_1_149' title='bbox 893 1660 1050 1700; x_wconf 89' lang='lat' dir='ltr'>maiore</span> <span class='ocrx_word' id='word_1_150' title='bbox 1072 1664 1246 1712; x_wconf 87' lang='lat' dir='ltr'>paratus</span> 
     </span>
     <span class='ocr_line' id='line_1_25' title="bbox 190 1723 1221 1777; baseline 0.003 -16"><span class='ocrx_word' id='word_1_151' title='bbox 190 1736 317 1774; x_wconf 88' lang='lat' dir='ltr'>quam</span> <span class='ocrx_word' id='word_1_152' title='bbox 338 1723 424 1762; x_wconf 82' lang='lat' dir='ltr'>fuit</span> <span class='ocrx_word' id='word_1_153' title='bbox 445 1726 487 1762; x_wconf 84' lang='lat' dir='ltr'>et</span> <span class='ocrx_word' id='word_1_154' title='bbox 509 1723 623 1761; x_wconf 88' lang='lat' dir='ltr'>Tulli</span> <span class='ocrx_word' id='word_1_155' title='bbox 647 1737 796 1763; x_wconf 91' lang='lat' dir='ltr'>census</span> <span class='ocrx_word' id='word_1_156' title='bbox 820 1725 1026 1777; x_wconf 86' lang='lat' dir='ltr'>pugnacis</span> <span class='ocrx_word' id='word_1_157' title='bbox 1047 1729 1089 1764; x_wconf 90' lang='lat' dir='ltr'>et</span> <span class='ocrx_word' id='word_1_158' title='bbox 1112 1726 1221 1765; x_wconf 89' lang='lat' dir='ltr'>Anci</span> 
     </span>
    </p>

    <p class='ocr_par' dir='ltr' id='par_1_14' title="bbox 162 1789 1467 2230">
     <span class='ocr_line' id='line_1_26' title="bbox 162 1789 1245 1843; baseline 0.004 -17"><span class='ocrx_word' id='word_1_159' title='bbox 162 1812 168 1816; x_wconf 39' lang='lat' dir='ltr'><strong><em>s</em></strong></span> <span class='ocrx_word' id='word_1_160' title='bbox 191 1790 246 1835; x_wconf 91' lang='lat' dir='ltr'>et,</span> <span class='ocrx_word' id='word_1_161' title='bbox 271 1800 323 1827; x_wconf 90' lang='lat' dir='ltr'>ne</span> <span class='ocrx_word' id='word_1_162' title='bbox 344 1791 385 1827; x_wconf 93' lang='lat' dir='ltr'>te</span> <span class='ocrx_word' id='word_1_163' title='bbox 409 1791 589 1835; x_wconf 88' lang='lat' dir='ltr'>teneam,</span> <span class='ocrx_word' id='word_1_164' title='bbox 617 1789 905 1829; x_wconf 83' lang='lat' dir='ltr'>Romanorum</span> <span class='ocrx_word' id='word_1_165' title='bbox 933 1791 1074 1829; x_wconf 89' lang='lat' dir='ltr'>omnia</span> <span class='ocrx_word' id='word_1_166' title='bbox 1097 1804 1245 1843; x_wconf 87' lang='lat' dir='ltr'>regum</span> 
     </span>
     <span class='ocr_line' id='line_1_27' title="bbox 194 1853 1467 1909; baseline 0.004 -16"><span class='ocrx_word' id='word_1_167' title='bbox 194 1853 354 1893; x_wconf 76' lang='lat' dir='ltr'>frivola.</span> <span class='ocrx_word' id='word_1_168' title='bbox 417 1853 530 1905; x_wconf 84' lang='lat' dir='ltr'>quod</span> <span class='ocrx_word' id='word_1_169' title='bbox 552 1866 649 1892; x_wconf 88' lang='lat' dir='ltr'>cum</span> <span class='ocrx_word' id='word_1_170' title='bbox 671 1854 731 1893; x_wconf 88' lang='lat' dir='ltr'>ita</span> <span class='ocrx_word' id='word_1_171' title='bbox 752 1855 821 1902; x_wconf 90' lang='lat' dir='ltr'>sit,</span> <span class='ocrx_word' id='word_1_172' title='bbox 847 1858 895 1894; x_wconf 90' lang='lat' dir='ltr'>tu</span> <span class='ocrx_word' id='word_1_173' title='bbox 922 1855 1151 1895; x_wconf 87' lang='lat' dir='ltr'>Gaetulum</span> <span class='ocrx_word' id='word_1_174' title='bbox 1177 1856 1467 1909; x_wconf 86' lang='lat' dir='ltr'>Ganymedem</span> 
     </span>
     <span class='ocr_line' id='line_1_28' title="bbox 190 1917 1307 1973; baseline 0.004 -18"><span class='ocrx_word' id='word_1_175' title='bbox 190 1917 363 1969; x_wconf 88' lang='lat' dir='ltr'>respice,</span> <span class='ocrx_word' id='word_1_176' title='bbox 389 1931 486 1956; x_wconf 90' lang='lat' dir='ltr'>cum</span> <span class='ocrx_word' id='word_1_177' title='bbox 508 1918 637 1957; x_wconf 87' lang='lat' dir='ltr'>sities.</span> <span class='ocrx_word' id='word_1_178' title='bbox 700 1919 835 1958; x_wconf 89' lang='lat' dir='ltr'>nescit</span> <span class='ocrx_word' id='word_1_179' title='bbox 857 1922 922 1959; x_wconf 89' lang='lat' dir='ltr'>tot</span> <span class='ocrx_word' id='word_1_180' title='bbox 944 1920 1116 1960; x_wconf 89' lang='lat' dir='ltr'>milibus</span> <span class='ocrx_word' id='word_1_181' title='bbox 1139 1925 1307 1973; x_wconf 88' lang='lat' dir='ltr'>emptus</span> 
     </span>
     <span class='ocr_line' id='line_1_29' title="bbox 190 1982 1310 2036; baseline 0.005 -16"><span class='ocrx_word' id='word_1_182' title='bbox 190 1982 446 2034; x_wconf 86' lang='lat' dir='ltr'>pauperibus</span> <span class='ocrx_word' id='word_1_183' title='bbox 468 1984 642 2023; x_wconf 87' lang='lat' dir='ltr'>miscere</span> <span class='ocrx_word' id='word_1_184' title='bbox 663 1998 768 2036; x_wconf 88' lang='lat' dir='ltr'>puer</span> <span class='ocrx_word' id='word_1_185' title='bbox 789 1998 799 2034; x_wconf 94' lang='lat'>;</span> <span class='ocrx_word' id='word_1_186' title='bbox 831 1985 903 2025; x_wconf 89' lang='lat' dir='ltr'>sed</span> <span class='ocrx_word' id='word_1_187' title='bbox 925 1985 1076 2032; x_wconf 77' lang='lat' dir='ltr'>forma,</span> <span class='ocrx_word' id='word_1_188' title='bbox 1103 1986 1174 2025; x_wconf 85' lang='lat' dir='ltr'>sed</span> <span class='ocrx_word' id='word_1_189' title='bbox 1195 1989 1310 2026; x_wconf 87' lang='lat' dir='ltr'>aetas</span> 
     </span>
     <span class='ocr_line' id='line_1_30' title="bbox 190 2046 1299 2102; baseline 0.005 -18"><span class='ocrx_word' id='word_1_190' title='bbox 190 2046 319 2097; x_wconf 87' lang='lat' dir='ltr'>digna</span> <span class='ocrx_word' id='word_1_191' title='bbox 340 2048 578 2098; x_wconf 86' lang='lat' dir='ltr'>supercilio.</span> <span class='ocrx_word' id='word_1_192' title='bbox 641 2050 812 2101; x_wconf 87' lang='lat' dir='ltr'>quando</span> <span class='ocrx_word' id='word_1_193' title='bbox 834 2050 886 2089; x_wconf 87' lang='lat' dir='ltr'>ad</span> <span class='ocrx_word' id='word_1_194' title='bbox 909 2053 950 2090; x_wconf 89' lang='lat' dir='ltr'>te</span> <span class='ocrx_word' id='word_1_195' title='bbox 973 2050 1168 2102; x_wconf 86' lang='lat' dir='ltr'>pervenit</span> <span class='ocrx_word' id='word_1_196' title='bbox 1190 2051 1260 2090; x_wconf 91' lang='lat' dir='ltr'>ille</span> <span class='ocrx_word' id='word_1_197' title='bbox 1280 2050 1299 2090; x_wconf 67' lang='lat' dir='ltr'>P</span> 
     </span>
     <span class='ocr_line' id='line_1_31' title="bbox 190 2111 1403 2167; baseline 0.006 -19"><span class='ocrx_word' id='word_1_198' title='bbox 190 2111 360 2162; x_wconf 89' lang='lat' dir='ltr'>quando</span> <span class='ocrx_word' id='word_1_199' title='bbox 381 2116 555 2163; x_wconf 85' lang='lat' dir='ltr'>rogatus</span> <span class='ocrx_word' id='word_1_200' title='bbox 577 2113 695 2153; x_wconf 89' lang='lat' dir='ltr'>adest</span> <span class='ocrx_word' id='word_1_201' title='bbox 717 2114 877 2154; x_wconf 87' lang='lat' dir='ltr'>calidae</span> <span class='ocrx_word' id='word_1_202' title='bbox 899 2115 1147 2167; x_wconf 86' lang='lat' dir='ltr'>gelidaeque</span> <span class='ocrx_word' id='word_1_203' title='bbox 1170 2115 1364 2156; x_wconf 86' lang='lat' dir='ltr'>minister</span> <span class='ocrx_word' id='word_1_204' title='bbox 1385 2116 1403 2156; x_wconf 85' lang='lat'>?</span> 
     </span>
     <span class='ocr_line' id='line_1_32' title="bbox 189 2174 1107 2230; baseline 0.005 -17"><span class='ocrx_word' id='word_1_205' title='bbox 189 2174 345 2227; x_wconf 89' lang='lat' dir='ltr'>quippe</span> <span class='ocrx_word' id='word_1_206' title='bbox 366 2175 617 2228; x_wconf 87' lang='lat' dir='ltr'>indignatur</span> <span class='ocrx_word' id='word_1_207' title='bbox 638 2178 770 2217; x_wconf 78' lang='lat' dir='ltr'>veteri</span> <span class='ocrx_word' id='word_1_208' title='bbox 792 2191 937 2230; x_wconf 85' lang='lat' dir='ltr'>parere</span> <span class='ocrx_word' id='word_1_209' title='bbox 961 2179 1107 2218; x_wconf 90' lang='lat' dir='ltr'>clienti</span> 
     </span>
    </p>

    <p class='ocr_par' dir='ltr' id='par_1_15' title="bbox 188 2239 1421 2428">
     <span class='ocr_line' id='line_1_33' title="bbox 189 2239 1421 2295; baseline 0.006 -18"><span class='ocrx_word' id='word_1_210' title='bbox 189 2239 387 2291; x_wconf 87' lang='lat' dir='ltr'>quodque</span> <span class='ocrx_word' id='word_1_211' title='bbox 409 2241 571 2292; x_wconf 84' lang='lat' dir='ltr'>aliquid</span> <span class='ocrx_word' id='word_1_212' title='bbox 592 2255 739 2293; x_wconf 87' lang='lat' dir='ltr'>poscas</span> <span class='ocrx_word' id='word_1_213' title='bbox 762 2246 803 2282; x_wconf 92' lang='lat' dir='ltr'>et</span> <span class='ocrx_word' id='word_1_214' title='bbox 826 2243 940 2295; x_wconf 87' lang='lat' dir='ltr'>quod</span> <span class='ocrx_word' id='word_1_215' title='bbox 962 2256 1003 2283; x_wconf 89' lang='lat' dir='ltr'>se</span> <span class='ocrx_word' id='word_1_216' title='bbox 1026 2247 1166 2283; x_wconf 89' lang='lat' dir='ltr'>stante</span> <span class='ocrx_word' id='word_1_217' title='bbox 1187 2244 1421 2285; x_wconf 82' lang='lat' dir='ltr'>recumbas.</span> 
     </span>
     <span class='ocr_line' id='line_1_34' title="bbox 188 2304 1359 2360; baseline 0.006 -18"><span class='ocrx_word' id='word_1_218' title='bbox 188 2304 371 2343; x_wconf 83' lang='lat' dir='ltr'>maxima</span> <span class='ocrx_word' id='word_1_219' title='bbox 392 2318 583 2357; x_wconf 83' lang='lat' dir='ltr'>quaeque</span> <span class='ocrx_word' id='word_1_220' title='bbox 605 2306 755 2346; x_wconf 87' lang='lat' dir='ltr'>domus</span> <span class='ocrx_word' id='word_1_221' title='bbox 773 2308 902 2346; x_wconf 74' lang='lat' dir='ltr'>servis</span> <span class='ocrx_word' id='word_1_222' title='bbox 924 2313 987 2347; x_wconf 89' lang='lat' dir='ltr'>est</span> <span class='ocrx_word' id='word_1_223' title='bbox 1008 2308 1133 2359; x_wconf 86' lang='lat' dir='ltr'>plena</span> <span class='ocrx_word' id='word_1_224' title='bbox 1154 2308 1359 2360; x_wconf 85' lang='lat' dir='ltr'>superbis.</span> 
     </span>
     <span class='ocr_line' id='line_1_35' title="bbox 188 2373 1219 2428; baseline 0.004 -16"><span class='ocrx_word' id='word_1_225' title='bbox 188 2385 283 2412; x_wconf 85' lang='lat' dir='ltr'>ecce</span> <span class='ocrx_word' id='word_1_226' title='bbox 304 2373 411 2413; x_wconf 87' lang='lat' dir='ltr'>alius</span> <span class='ocrx_word' id='word_1_227' title='bbox 433 2377 593 2425; x_wconf 83' lang='lat' dir='ltr'>quanto</span> <span class='ocrx_word' id='word_1_228' title='bbox 615 2375 804 2426; x_wconf 78' lang='lat' dir='ltr'>porrexit</span> <span class='ocrx_word' id='word_1_229' title='bbox 826 2389 1043 2416; x_wconf 87' lang='lat' dir='ltr'>murmure</span> <span class='ocrx_word' id='word_1_230' title='bbox 1064 2390 1219 2428; x_wconf 89' lang='lat' dir='ltr'>panem</span> 
     </span>
    </p>

    <p class='ocr_par' dir='ltr' id='par_1_16' title="bbox 189 2436 1319 2489">
     <span class='ocr_line' id='line_1_36' title="bbox 189 2436 1319 2489; baseline 0.004 -13"><span class='ocrx_word' id='word_1_231' title='bbox 189 2436 258 2476; x_wconf 82' lang='lat' dir='ltr'>vix</span> <span class='ocrx_word' id='word_1_232' title='bbox 278 2437 481 2486; x_wconf 77' lang='lat' dir='ltr'>fractum,</span> <span class='ocrx_word' id='word_1_233' title='bbox 506 2438 664 2484; x_wconf 85' lang='lat' dir='ltr'>solidae</span> <span class='ocrx_word' id='word_1_234' title='bbox 686 2439 770 2479; x_wconf 87' lang='lat' dir='ltr'>iam</span> <span class='ocrx_word' id='word_1_235' title='bbox 793 2441 962 2481; x_wconf 89' lang='lat' dir='ltr'>mucida</span> <span class='ocrx_word' id='word_1_236' title='bbox 982 2441 1121 2481; x_wconf 79' lang='lat' dir='ltr'>frusta</span> <span class='ocrx_word' id='word_1_237' title='bbox 1141 2441 1319 2489; x_wconf 83' lang='lat' dir='ltr'>farinae,</span> 
     </span>
    </p>
   </div>
   <div class='ocr_carea' id='block_1_3' title="bbox 1602 303 1652 341">
    <p class='ocr_par' dir='ltr' id='par_1_17' title="bbox 1602 303 1652 341">
     <span class='ocr_line' id='line_1_37' title="bbox 1602 303 1652 341; baseline 0 0"><span class='ocrx_word' id='word_1_238' title='bbox 1602 303 1652 341; x_wconf 86' lang='lat'>35</span> 
     </span>
    </p>
   </div>
   <div class='ocr_carea' id='block_1_4' title="bbox 1599 628 1652 666">
    <p class='ocr_par' dir='ltr' id='par_1_18' title="bbox 1599 628 1652 666">
     <span class='ocr_line' id='line_1_38' title="bbox 1599 628 1652 666; baseline 0.019 -1"><span class='ocrx_word' id='word_1_239' title='bbox 1599 628 1652 666; x_wconf 88' lang='grc'>40</span> 
     </span>
    </p>
   </div>
   <div class='ocr_carea' id='block_1_5' title="bbox 1598 948 1649 988">
    <p class='ocr_par' dir='ltr' id='par_1_19' title="bbox 1598 948 1649 988">
     <span class='ocr_line' id='line_1_39' title="bbox 1598 948 1649 988; baseline 0.059 -3"><span class='ocrx_word' id='word_1_240' title='bbox 1598 948 1649 988; x_wconf 85' lang='grc'>45</span> 
     </span>
    </p>
   </div>
   <div class='ocr_carea' id='block_1_6' title="bbox 1598 1275 1649 1314">
    <p class='ocr_par' dir='ltr' id='par_1_20' title="bbox 1598 1275 1649 1314">
     <span class='ocr_line' id='line_1_40' title="bbox 1598 1275 1649 1314; baseline -0.02 0"><span class='ocrx_word' id='word_1_241' title='bbox 1598 1275 1649 1314; x_wconf 89' lang='lat'>50</span> 
     </span>
    </p>
   </div>
   <div class='ocr_carea' id='block_1_7' title="bbox 1595 1601 1646 1639">
    <p class='ocr_par' dir='ltr' id='par_1_21' title="bbox 1595 1601 1646 1639">
     <span class='ocr_line' id='line_1_41' title="bbox 1595 1601 1646 1639; baseline -0.02 0"><span class='ocrx_word' id='word_1_242' title='bbox 1595 1601 1646 1639; x_wconf 83' lang='lat'>55</span> 
     </span>
    </p>
   </div>
   <div class='ocr_carea' id='block_1_8' title="bbox 1593 1925 1645 1963">
    <p class='ocr_par' dir='ltr' id='par_1_22' title="bbox 1593 1925 1645 1963">
     <span class='ocr_line' id='line_1_42' title="bbox 1593 1925 1645 1963; baseline 0 0"><span class='ocrx_word' id='word_1_243' title='bbox 1593 1925 1645 1963; x_wconf 90' lang='grc'>60</span> 
     </span>
    </p>
   </div>
   <div class='ocr_carea' id='block_1_9' title="bbox 1592 2247 1642 2286">
    <p class='ocr_par' dir='ltr' id='par_1_23' title="bbox 1592 2247 1642 2286">
     <span class='ocr_line' id='line_1_43' title="bbox 1592 2247 1642 2286; baseline 0.02 -1"><span class='ocrx_word' id='word_1_244' title='bbox 1592 2247 1642 2286; x_wconf 87' lang='grc'>65</span> 
     </span>
    </p>
   </div>
  </div>
 </body>
</html>
