1778 2693
165 139 185 168 Ν

648 135 686 163 D.
725 133 850 162 IVNII
883 131 1137 161 IVVENALIS

217 253 314 279 cum
335 241 456 278 tener
477 250 652 277 uxorem
675 236 803 275 ducat
825 233 968 287 spado,
997 232 1136 272 Mevia
1157 233 1345 272 Tuscum

163 305 266 356 figat
288 316 438 355 aprum
461 306 502 341 et
523 301 639 340 nuda
662 303 804 340 teneat
826 298 1036 338 venabula
1058 310 1253 344 mamma,

163 368 366 421 patricios
389 367 525 406 omnis
548 365 698 418 opibus
721 378 817 404 cum
840 365 1042 416 provocet
1065 375 1176 401 unus

164 446 247 485 quo
270 432 476 471 tondente
499 430 638 482 gravis
654 429 798 468 iuveni
821 428 925 467 mihi
949 428 1077 467 barba
1098 426 1289 472 sonabat,

165 511 262 537 011111
283 510 379 549 pars
402 496 592 535 Niliacae
614 494 762 547 plebis,
788 507 885 533 curn
907 505 1036 532 verna
1059 490 1220 543 Canopi

167 562 388 614 Crispinus
412 560 559 613 Tyrias
583 572 727 598 umero
749 561 975 597 revocante
996 557 1187 596 lacernas

165 627 344 667 ventilet
365 625 574 665 aestivum
597 624 742 675 digitis
765 623 1019 662 sudantibus
1041 634 1194 660 aurum

165 705 241 731 nec
264 692 440 730 sufferre
462 693 590 742 queat
611 688 781 728 maioris
801 687 990 740 pondera
1011 698 1215 738 gemma-e,

166 757 337 795 difficile
360 760 422 795 est
445 759 633 794 saturam
654 767 740 792 non
763 753 959 799 scribere.
1021 765 1120 791 nam
1143 751 1236 803 quis
1258 750 1428 803 iniquae

166 825 254 861 tam
275 821 441 873 patiens
463 820 593 866 urbis,
614 823 700 858 13111
724 818 902 865 ferreus,
928 821 975 856 ut
996 820 1142 856 teneat
1163 829 1219 863 se,

167 886 370 925 causidici
390 898 499 924 11013
521 898 618 923 011111
639 883 782 922 1011131
802 882 955 921 lectica
977 880 1195 920 Mathonis

167 951 292 1003 plena
314 950 419 1002 ipso,
443 953 538 1002 post
561 949 675 987 hunc
699 947 843 999 magni
865 947 1030 986 delator
1051 945 1177 984 amici

168 1020 209 1055 et
231 1016 316 1055 cito
338 1019 539 1067 rapturus
561 1015 610 1053 de
632 1013 858 1052 nobilitato
883 1024 1047 1051 comesa
1082 1018 1087 1020 “

167 1081 281 1133 quod
300 1086 507 1132 superest,
527 1092 652 1131 quem
677 1078 813 1117 Massa
834 1077 973 1124 timet,
1000 1089 1125 1128 quem
1147 1088 1322 1115 munere
1342 1075 1489 1127 palpat

170 1146 301 1185 Carus
323 1149 364 1184 et
386 1158 409 1184 a
430 1144 598 1196 trepido
621 1143 826 1197 Thymele
848 1141 1071 1181 summissa
1092 1140 1248 1179 Latino
1270 1139 1287 1178 Ρ

169 1224 267 1249 cum
290 1217 330 1249 te
354 1212 650 1249 summoveant
673 1208 746 1260 qui
768 1210 1027 1246 testamenta
1048 1209 1268 1244 merentur

167 1275 380 1321 noctibus,
406 1275 450 1313 in
472 1274 637 1313 caelum
659 1286 762 1325 quos
785 1271 927 1311 evehit
949 1271 1111 1323 optima
1133 1269 1288 1309 summi

169 1354 283 1379 nunc
306 1340 372 1378 113
394 1352 629 1391 processus,
655 1337 822 1376 vetulae
845 1336 983 1375 103103
1005 1336 1151 1375 beatae
1171 1334 1189 1374 Ρ

169 1405 383 1444 unciolam
406 1403 654 1443 Proculeius
675 1402 818 1448 habet,
844 1401 915 1441 sed
939 1400 1051 1439 Gillo
1073 1400 1296 1446 deuncem,

168 1477 307 1521 partes
329 1468 508 1520 quisque
526 1481 620 1507 suas
637 1467 691 1506 ad
711 1479 952 1506 mensuram
974 1464 1163 1517 inguinis
1184 1464 1319 1503 heres.

168 1534 351 1586 accipiat
373 1546 472 1572 sane
494 1533 731 1572 mercedem
754 1530 974 1583 sanguinis
997 1534 1039 1569 et
1061 1530 1119 1569 sic

168 1599 341 1650 palleat,
367 1601 415 1637 ut
436 1598 564 1637 nudis
585 1597 739 1649 pressit
761 1596 833 1648 qui
857 1595 1043 1635 calcibus
1065 1607 1265 1646 anguem,

169 1667 243 1702 aut
266 1663 632 1715 Lugudunensem
652 1661 798 1700 rhetor
821 1661 1015 1700 dicturus
1036 1660 1088 1698 ad
1106 1672 1234 1698 aram.

170 1728 272 1780 quid
293 1728 475 1767 referam
497 1730 659 1779 quanta
680 1726 839 1765 siccum
861 1725 978 1764 iecur
999 1724 1146 1763 ardeat
1167 1723 1243 1770 ira,

170 1806 267 1832 011111
288 1792 497 1845 populum
517 1790 947 1843 gregibuscomitum
968 1788 1125 1841 premit
1145 1787 1215 1827 hic
1237 1787 1439 1839 spoliator

170 1857 323 1909 pupilli
346 1856 580 1909 prostantis
603 1859 644 1895 01
665 1855 735 1894 1110
758 1855 985 1894 damnatus
1006 1852 1124 1892 inani

170 1922 328 1961 iudicio
348 1921 365 1960 Ρ
413 1921 516 1973 quid
538 1920 651 1959 enim
673 1919 798 1959 salvis
820 1918 997 1958 infamia
1019 1917 1206 1957 nummis
1227 1917 1245 1956 ⁴?

170 1987 267 2025 exul
290 1987 341 2025 ab
363 1990 512 2025 octava
535 1985 696 2024 Marius
717 1984 826 2024 bibit
849 1987 890 2022 et
912 1983 1074 2022 fruitur
1096 1982 1160 2021 dis

171 2051 302 2098 iratis,
328 2054 371 2089 at
392 2055 439 2089 tu
463 2050 617 2089 victrix
638 2049 858 2101 provincia
880 2048 1032 2100 plora-s.

170 2115 272 2154 11300
295 2128 371 2166 ego
393 2128 478 2154 non
501 2115 669 2154 credam
695 2113 911 2152 Venusina
933 2112 1062 2164 digna
1082 2112 1257 2151 lucerna
1277 2112 1294 2151 Ρ

170 2180 272 2219 haec
295 2193 371 2231 ego
393 2193 477 2218 non
500 2179 656 2231 agitem
677 2179 694 2217 Ρ
750 2178 820 2217 3οᾶ
844 2177 946 2230 quid
967 2177 1100 2229 magis
1121 2177 1138 2215 Ρ
1195 2176 1421 2216 Heracleas

171 2250 245 2284 aut
268 2244 519 2283 Diomedeas
541 2248 615 2282 aut
637 2243 852 2295 mugitum
872 2241 1106 2293 labyrinthi

172 2314 213 2348 et
235 2322 347 2348 mare
369 2321 616 2360 percussum
637 2321 769 2360 puero
790 2307 1047 2358 fabrumque
1068 2305 1298 2352 volantem,

172 2386 269 2413 cum
290 2373 386 2412 leno
409 2372 590 2424 accipiat
611 2371 777 2412 moechi
799 2371 923 2418 bona,
949 2370 981 2410 si
1005 2369 1200 2421 capiendi

173 2439 237 2478 ius
259 2438 427 2477 nullum
450 2437 586 2484 uxori,
612 2437 763 2476 doctus
785 2439 975 2489 spectare
996 2435 1185 2482 lacunar,

1567 425 1617 464 25

1569 752 1620 790 30

1572 1076 1622 1114 35

1573 1399 1625 1437 40

1573 1722 1625 1760 45

1575 2047 1627 2084 50

1577 2373 1627 2410 55
