1778 2693
156 137 230 167 112
638 134 678 162 D.
715 132 842 161 IVNII
874 130 1127 159 IVVENALIS

149 249 222 288 pro
243 236 329 276 vita
350 235 541 276 facienda
561 236 729 287 putant,
754 232 823 271 sed
847 231 1054 271 Cantaber
1075 230 1188 270 unde

147 303 301 341 stoicus
321 300 487 351 antiqui
509 298 753 352 praesertim
775 300 910 336 aetate
932 295 1124 335 Metelli?

147 380 261 406 nunc
284 370 396 405 totus
419 364 562 404 Graias
585 367 829 413 nostrasque
851 361 976 400 habet
997 360 1108 400 orbis
1128 360 1331 407 Athenas,

147 431 283 471 Gallia
303 429 531 470 causidicos
553 428 698 467 docuit
719 426 903 466 facunda
926 425 1164 473 Britannos,

146 497 197 536 de
217 495 490 536 conducendo
510 493 702 545 loquitur
723 492 806 531 iam
828 491 994 530 rhetore
1015 490 1161 542 Thyle.

146 561 297 601 nobilis
319 560 387 599 ille
408 563 548 598 tamen
570 557 753 610 populus
774 569 901 608 quem
922 555 1122 603 diximus,
1145 558 1187 594 et
1206 567 1282 607 par

147 626 303 665 virtute
324 628 449 676 atque
470 624 552 663 fide
573 623 641 662 sed
665 622 797 661 maior
817 621 933 660 clade
955 619 1189 672 Zacynthos

147 691 228 730 tale
251 690 352 742 quid
373 691 563 729 excusat:
596 686 805 727 Maeotide
826 686 984 726 saevior
1003 698 1073 725 ara

147 757 373 807 Aegyptos.
435 753 591 805 quippe
612 753 684 792 illa
704 751 878 791 nefandi
901 750 1081 790 Taurica
1101 749 1205 790 sacri

147 817 359 857 inventrix
380 815 676 855 homines—ut
697 814 780 854 iam
802 826 907 866 quae
929 812 1115 852 carmina
1134 812 1325 860 tradunt,

147 882 275 933 digna
296 882 377 921 fide
397 881 763 921 credas—tantum
786 878 990 926 immolat,
1015 877 1193 917 ulterius
1212 877 1274 916 nil

147 950 222 986 aut
241 946 408 998 gravius
429 946 566 985 cultro
587 945 709 984 timet
729 943 879 983 hostia,⁴
941 942 1035 995 quis
1055 942 1179 981 modo
1199 954 1317 981 casus

147 1011 307 1064 inpulit
326 1011 401 1050 hos
415 1012 434 1049 ‘3
491 1023 596 1062 quae
617 1013 735 1048 tanta
756 1009 888 1048 fames
909 1008 1146 1059 infestaque
1168 1005 1276 1046 vallo

147 1090 261 1116 arma
282 1080 510 1127 coegerunt
532 1078 616 1114 tam
638 1073 882 1113 detestabile
903 1075 1140 1112 monstrum

147 1142 301 1181 audere
315 1143 333 1179 ⁴?
389 1153 497 1180 anne
517 1139 641 1179 aliam
662 1142 773 1178 terra
795 1137 1074 1190 Memphitide
1095 1136 1202 1176 sicca

147 1206 349 1245 invidiam
371 1206 556 1244 facerent
577 1203 737 1243 nolenti
759 1215 927 1254 surgere
948 1202 1048 1241 Nilo
1062 1203 1080 1240 ⁶?

148 1284 230 1323 qua
252 1284 325 1310 nec
348 1270 553 1310 terribiles
575 1268 735 1309 Cimbri
758 1281 833 1307 nec
855 1267 1069 1306 Brittones
1090 1279 1294 1318 umquam

148 1336 501 1387 Sauromataeque
522 1338 659 1373 truces
679 1337 754 1372 aut
774 1333 964 1372 inmanes
985 1330 1227 1384 Agathyrsi,

146 1400 223 1440 hac
245 1400 373 1439 saevit
395 1399 506 1439 rabie
527 1398 682 1438 inbelle
703 1401 746 1437 et
766 1397 919 1436 inutile
941 1396 1108 1448 vulgus,

147 1465 323 1517 parvula
343 1464 543 1504 fictilibus
563 1463 735 1503 solitum
756 1463 855 1502 dare
876 1461 967 1501 vela
985 1460 1166 1513 phaselis

147 1532 189 1569 et
208 1529 402 1569 brevibus
425 1529 561 1581 pictae
582 1527 707 1568 remis
728 1527 972 1566 incumbere
993 1529 1136 1565 testae.

148 1607 224 1634 nec
245 1607 421 1647 poenam
443 1593 583 1633 sceleri
605 1592 794 1632 invenies
813 1604 890 1631 nec
910 1591 1037 1643 digna
1059 1590 1222 1643 parabis

148 1659 354 1712 supplicia
374 1658 439 1698 his
459 1657 641 1710 populis,
666 1658 710 1696 in
732 1670 913 1709 quorum
934 1660 1074 1695 mente
1094 1667 1214 1707 pares
1234 1656 1335 1694 sunt

147 1727 189 1763 et
209 1723 363 1763 similes
384 1723 444 1762 ira
463 1727 590 1774 atque
611 1722 756 1761 fames.
815 1720 1059 1760 mollissima
1079 1719 1204 1759 corda

147 1789 333 1828 humano
354 1787 495 1839 generi
517 1788 615 1827 dare
636 1800 676 1826 se
697 1789 850 1826 natura
870 1786 1044 1832 fatetur,

148 1866 253 1905 quae
273 1852 463 1892 lacrimas
484 1852 620 1901 dedit3
651 1852 756 1891 haec
776 1850 909 1890 nostri
930 1863 1024 1902 pars
1045 1849 1206 1902 optima
1225 1862 1383 1889 sensus.

147 1918 309 1969 plorare
331 1930 428 1968 ergo
448 1917 565 1956 iubet
585 1929 751 1956 causam
774 1915 953 1955 dicentis
972 1914 1096 1954 amici

147 1982 465 2033 squaloremque
486 1982 560 2029 rei,
584 1981 799 2034 pupillum
821 1981 871 2020 ad
895 1980 987 2019 iura
1010 1982 1226 2019 vocantem

147 2046 568 2098 circumscriptorem,
593 2046 714 2086 cuius
735 2045 952 2085 manantia
972 2044 1074 2084 fletu

147 2124 217 2151 ora
238 2112 441 2163 puellares
463 2112 627 2150 faciunt
648 2111 808 2150 incerta
828 2109 981 2161 capilli.

147 2179 322 2216 naturae
343 2176 518 2227 imperio
538 2176 760 2227 gemimus,
784 2189 881 2214 cum
902 2175 1035 2213 funus
1054 2175 1222 2213 adultae

149 2240 322 2291 virginis
342 2240 523 2279 occurrit
544 2240 607 2279 vel
629 2244 737 2279 terra
759 2239 973 2278 clauditur
993 2238 1134 2277 infans

147 2308 189 2344 et
209 2305 346 2343 minor
370 2305 466 2356 igne
488 2305 591 2355 rogi.
652 2305 745 2356 quis
766 2304 878 2343 enim
901 2304 1036 2343 bonus
1056 2306 1098 2342 et
1118 2303 1208 2342 face
1228 2302 1384 2354 dignus

148 2382 310 2416 arcana,
336 2369 502 2421 qualem
525 2369 685 2409 Cereris
706 2369 799 2408 vult
819 2381 903 2408 esse
924 2368 1126 2414 sacerdos,

150 2434 235 2474 ulla
254 2433 389 2473 aliena
409 2433 487 2473 sibi
507 2434 641 2473 credit
661 2434 770 2473 mala
783 2434 802 2472 ?
858 2435 1023 2485 separat
1042 2432 1120 2472 hoc
1141 2444 1216 2471 nos

1533 361 1606 399 110

1531 685 1606 724 115

1530 1007 1606 1045 120

1529 1332 1605 1370 125

1528 1656 1605 1694 130

1528 1981 1604 2018 135

1530 2304 1606 2341 140
