<?xml version="1.0" encoding="UTF-8"?>
<!DOCTYPE html PUBLIC "-//W3C//DTD XHTML 1.0 Transitional//EN"
    "http://www.w3.org/TR/xhtml1/DTD/xhtml1-transitional.dtd">
<html xmlns="http://www.w3.org/1999/xhtml" xml:lang="en" lang="en">
 <head>
  <title>
</title>
<meta http-equiv="Content-Type" content="text/html;charset=utf-8" />
  <meta name='ocr-system' content='tesseract 3.04.00' />
  <meta name='ocr-capabilities' content='ocr_page ocr_carea ocr_par ocr_line ocrx_word'/>
</head>
<body>
  <div class='ocr_page' id='page_1' title='image "./saturarumlibriv00juveuoft_0123.png"; bbox 0 0 1778 2693; ppageno 0'>
   <div class='ocr_carea' id='block_1_1' title="bbox 109 441 157 478">
    <p class='ocr_par' dir='ltr' id='par_1_1' title="bbox 109 441 157 478">
     <span class='ocr_line' id='line_1_1' title="bbox 109 441 157 478; baseline 0 0"><span class='ocrx_word' id='word_1_1' title='bbox 109 441 157 478; x_wconf 73' lang='lat'>15</span> 
     </span>
    </p>
   </div>
   <div class='ocr_carea' id='block_1_2' title="bbox 106 767 156 804">
    <p class='ocr_par' dir='ltr' id='par_1_2' title="bbox 106 767 156 804">
     <span class='ocr_line' id='line_1_2' title="bbox 106 767 156 804; baseline 0 0"><span class='ocrx_word' id='word_1_2' title='bbox 106 767 156 804; x_wconf 78' lang='lat'>20</span> 
     </span>
    </p>
   </div>
   <div class='ocr_carea' id='block_1_3' title="bbox 104 1094 154 1132">
    <p class='ocr_par' dir='ltr' id='par_1_3' title="bbox 104 1094 154 1132">
     <span class='ocr_line' id='line_1_3' title="bbox 104 1094 154 1132; baseline 0 0"><span class='ocrx_word' id='word_1_3' title='bbox 104 1094 154 1132; x_wconf 80' lang='lat'>25</span> 
     </span>
    </p>
   </div>
   <div class='ocr_carea' id='block_1_4' title="bbox 104 1421 154 1459">
    <p class='ocr_par' dir='ltr' id='par_1_4' title="bbox 104 1421 154 1459">
     <span class='ocr_line' id='line_1_4' title="bbox 104 1421 154 1459; baseline 0 0"><span class='ocrx_word' id='word_1_4' title='bbox 104 1421 154 1459; x_wconf 88' lang='grc'>30</span> 
     </span>
    </p>
   </div>
   <div class='ocr_carea' id='block_1_5' title="bbox 718 140 1568 182">
    <p class='ocr_par' dir='ltr' id='par_1_5' title="bbox 718 140 1568 182">
     <span class='ocr_line' id='line_1_5' title="bbox 718 140 1568 182; baseline 0.001 -13"><span class='ocrx_word' id='word_1_5' title='bbox 718 140 896 169; x_wconf 71' lang='lat' dir='ltr'><strong>SATVRA</strong></span> <span class='ocrx_word' id='word_1_6' title='bbox 928 140 976 168; x_wconf 72' lang='lat' dir='ltr'>VI</span> <span class='ocrx_word' id='word_1_7' title='bbox 1518 141 1568 182; x_wconf 90' lang='lat'>41</span> 
     </span>
    </p>
   </div>
   <div class='ocr_carea' id='block_1_6' title="bbox 210 240 1423 1733">
    <p class='ocr_par' dir='ltr' id='par_1_6' title="bbox 214 240 1313 555">
     <span class='ocr_line' id='line_1_6' title="bbox 215 240 1249 295; baseline -0.002 -14"><span class='ocrx_word' id='word_1_8' title='bbox 215 241 287 295; x_wconf 91' lang='lat' dir='ltr'>qui</span> <span class='ocrx_word' id='word_1_9' title='bbox 309 241 449 282; x_wconf 88' lang='lat' dir='ltr'>nudus</span> <span class='ocrx_word' id='word_1_10' title='bbox 469 255 657 294; x_wconf 85' lang='lat' dir='ltr'>pugnare</span> <span class='ocrx_word' id='word_1_11' title='bbox 678 241 814 281; x_wconf 83' lang='lat' dir='ltr'>solet?</span> <span class='ocrx_word' id='word_1_12' title='bbox 871 254 967 293; x_wconf 89' lang='lat' dir='ltr'>pars</span> <span class='ocrx_word' id='word_1_13' title='bbox 987 240 1139 280; x_wconf 87' lang='lat' dir='ltr'>ultima</span> <span class='ocrx_word' id='word_1_14' title='bbox 1159 240 1249 280; x_wconf 87' lang='lat' dir='ltr'>ludi</span> 
     </span>
     <span class='ocr_line' id='line_1_7' title="bbox 215 306 1282 359; baseline -0.003 -12"><span class='ocrx_word' id='word_1_15' title='bbox 215 307 368 359; x_wconf 86' lang='lat' dir='ltr'>accipit</span> <span class='ocrx_word' id='word_1_16' title='bbox 390 307 462 346; x_wconf 87' lang='lat' dir='ltr'>has</span> <span class='ocrx_word' id='word_1_17' title='bbox 483 307 642 346; x_wconf 84' lang='lat' dir='ltr'>animas</span> <span class='ocrx_word' id='word_1_18' title='bbox 663 306 852 357; x_wconf 82' lang='lat' dir='ltr'>aliusque</span> <span class='ocrx_word' id='word_1_19' title='bbox 874 306 916 344; x_wconf 84' lang='lat' dir='ltr'>iu</span> <span class='ocrx_word' id='word_1_20' title='bbox 939 319 1100 345; x_wconf 84' lang='lat' dir='ltr'>carcere</span> <span class='ocrx_word' id='word_1_21' title='bbox 1122 319 1282 345; x_wconf 86' lang='lat' dir='ltr'>nervos.</span> 
     </span>
     <span class='ocr_line' id='line_1_8' title="bbox 215 371 1299 419; baseline -0.002 -7"><span class='ocrx_word' id='word_1_22' title='bbox 215 373 283 412; x_wconf 87' lang='lat' dir='ltr'>sed</span> <span class='ocrx_word' id='word_1_23' title='bbox 308 372 382 412; x_wconf 91' lang='lat' dir='ltr'>tibi</span> <span class='ocrx_word' id='word_1_24' title='bbox 404 385 671 411; x_wconf 88' lang='lat' dir='ltr'>communem</span> <span class='ocrx_word' id='word_1_25' title='bbox 694 372 866 411; x_wconf 81' lang='lat' dir='ltr'>calicem</span> <span class='ocrx_word' id='word_1_26' title='bbox 888 371 992 411; x_wconf 74' lang='lat' dir='ltr'>facit</span> <span class='ocrx_word' id='word_1_27' title='bbox 1015 385 1119 410; x_wconf 88' lang='lat' dir='ltr'>uxor</span> <span class='ocrx_word' id='word_1_28' title='bbox 1139 375 1181 410; x_wconf 89' lang='lat' dir='ltr'>et</span> <span class='ocrx_word' id='word_1_29' title='bbox 1203 371 1299 419; x_wconf 85' lang='lat' dir='ltr'>illis,</span> 
     </span>
     <span class='ocr_line' id='line_1_9' title="bbox 214 437 1313 490; baseline -0.002 -13"><span class='ocrx_word' id='word_1_30' title='bbox 214 451 311 478; x_wconf 87' lang='lat' dir='ltr'>cum</span> <span class='ocrx_word' id='word_1_31' title='bbox 333 437 484 490; x_wconf 89' lang='lat' dir='ltr'>quibus</span> <span class='ocrx_word' id='word_1_32' title='bbox 505 438 719 476; x_wconf 86' lang='lat' dir='ltr'>Albanum</span> <span class='ocrx_word' id='word_1_33' title='bbox 743 437 1127 488; x_wconf 62' lang='lat' dir='ltr'>Surrentinumque</span> <span class='ocrx_word' id='word_1_34' title='bbox 1150 439 1313 476; x_wconf 76' lang='lat' dir='ltr'>recusat</span> 
     </span>
     <span class='ocr_line' id='line_1_10' title="bbox 214 502 1109 555; baseline -0.002 -12"><span class='ocrx_word' id='word_1_35' title='bbox 214 503 320 543; x_wconf 84' lang='lat' dir='ltr'>flava</span> <span class='ocrx_word' id='word_1_36' title='bbox 340 502 499 542; x_wconf 86' lang='lat' dir='ltr'>ruinosi</span> <span class='ocrx_word' id='word_1_37' title='bbox 521 503 621 555; x_wconf 87' lang='lat' dir='ltr'>lupa</span> <span class='ocrx_word' id='word_1_38' title='bbox 641 503 863 554; x_wconf 83' lang='lat' dir='ltr'>degustare</span> <span class='ocrx_word' id='word_1_39' title='bbox 885 502 1109 554; x_wconf 76' lang='lat' dir='ltr'>sepulchri.</span> 
     </span>
    </p>

    <p class='ocr_par' dir='ltr' id='par_1_7' title="bbox 214 567 1264 619">
     <span class='ocr_line' id='line_1_11' title="bbox 214 567 1264 619; baseline -0.002 -11"><span class='ocrx_word' id='word_1_40' title='bbox 214 569 365 609; x_wconf 88' lang='lat' dir='ltr'>horum</span> <span class='ocrx_word' id='word_1_41' title='bbox 386 567 570 608; x_wconf 85' lang='lat' dir='ltr'>consiliis</span> <span class='ocrx_word' id='word_1_42' title='bbox 590 568 761 607; x_wconf 85' lang='lat' dir='ltr'>nubunt</span> <span class='ocrx_word' id='word_1_43' title='bbox 781 568 1026 619; x_wconf 75' lang='lat' dir='ltr'>subitaeque</span> <span class='ocrx_word' id='word_1_44' title='bbox 1047 568 1264 615; x_wconf 83' lang='lat' dir='ltr'>recedunt,</span> 
     </span>
    </p>

    <p class='ocr_par' dir='ltr' id='par_1_8' title="bbox 211 633 1423 1079">
     <span class='ocr_line' id='line_1_12' title="bbox 212 633 1304 686; baseline -0.002 -12"><span class='ocrx_word' id='word_1_45' title='bbox 212 634 278 674; x_wconf 88' lang='lat' dir='ltr'>his</span> <span class='ocrx_word' id='word_1_46' title='bbox 298 634 571 686; x_wconf 74' lang='lat' dir='ltr'>languentem</span> <span class='ocrx_word' id='word_1_47' title='bbox 593 633 780 672; x_wconf 87' lang='lat' dir='ltr'>animum</span> <span class='ocrx_word' id='word_1_48' title='bbox 805 636 972 673; x_wconf 76' lang='lat' dir='ltr'>servant</span> <span class='ocrx_word' id='word_1_49' title='bbox 993 636 1034 672; x_wconf 91' lang='lat' dir='ltr'>et</span> <span class='ocrx_word' id='word_1_50' title='bbox 1055 633 1160 672; x_wconf 87' lang='lat' dir='ltr'>seria</span> <span class='ocrx_word' id='word_1_51' title='bbox 1181 633 1304 680; x_wconf 86' lang='lat' dir='ltr'>vitae,</span> 
     </span>
     <span class='ocr_line' id='line_1_13' title="bbox 215 698 1367 750; baseline -0.001 -12"><span class='ocrx_word' id='word_1_52' title='bbox 215 699 279 738; x_wconf 90' lang='lat' dir='ltr'>his</span> <span class='ocrx_word' id='word_1_53' title='bbox 299 700 466 739; x_wconf 87' lang='lat' dir='ltr'>clunem</span> <span class='ocrx_word' id='word_1_54' title='bbox 490 701 616 750; x_wconf 84' lang='lat' dir='ltr'>atque</span> <span class='ocrx_word' id='word_1_55' title='bbox 636 698 746 738; x_wconf 85' lang='lat' dir='ltr'>latus</span> <span class='ocrx_word' id='word_1_56' title='bbox 767 699 938 738; x_wconf 84' lang='lat' dir='ltr'>discunt</span> <span class='ocrx_word' id='word_1_57' title='bbox 959 698 1120 737; x_wconf 73' lang='lat' dir='ltr'>vibrare</span> <span class='ocrx_word' id='word_1_58' title='bbox 1143 698 1367 750; x_wconf 73' lang='lat' dir='ltr'>magistris,</span> 
     </span>
     <span class='ocr_line' id='line_1_14' title="bbox 213 763 1423 817; baseline -0.002 -13"><span class='ocrx_word' id='word_1_59' title='bbox 213 764 415 817; x_wconf 84' lang='lat' dir='ltr'>quicquid</span> <span class='ocrx_word' id='word_1_60' title='bbox 437 768 652 817; x_wconf 89' lang='lat' dir='ltr'>praeterea</span> <span class='ocrx_word' id='word_1_61' title='bbox 671 764 750 804; x_wconf 87' lang='lat' dir='ltr'>scit</span> <span class='ocrx_word' id='word_1_62' title='bbox 771 763 843 815; x_wconf 85' lang='lat' dir='ltr'>qui</span> <span class='ocrx_word' id='word_1_63' title='bbox 865 764 999 803; x_wconf 86' lang='lat' dir='ltr'>docet.</span> <span class='ocrx_word' id='word_1_64' title='bbox 1060 763 1172 803; x_wconf 84' lang='lat' dir='ltr'>haud</span> <span class='ocrx_word' id='word_1_65' title='bbox 1198 767 1339 803; x_wconf 82' lang='lat' dir='ltr'>tamen</span> <span class='ocrx_word' id='word_1_66' title='bbox 1362 763 1423 803; x_wconf 88' lang='lat' dir='ltr'>illi</span> 
     </span>
     <span class='ocr_line' id='line_1_15' title="bbox 212 828 1293 882; baseline -0.002 -13"><span class='ocrx_word' id='word_1_67' title='bbox 212 843 375 882; x_wconf 88' lang='lat' dir='ltr'>semper</span> <span class='ocrx_word' id='word_1_68' title='bbox 395 830 587 869; x_wconf 86' lang='lat' dir='ltr'>habenda</span> <span class='ocrx_word' id='word_1_69' title='bbox 607 830 723 869; x_wconf 90' lang='lat' dir='ltr'>fides.</span> <span class='ocrx_word' id='word_1_70' title='bbox 783 829 924 869; x_wconf 90' lang='lat' dir='ltr'>oculos</span> <span class='ocrx_word' id='word_1_71' title='bbox 944 829 1124 881; x_wconf 79' lang='lat' dir='ltr'>fuligine</span> <span class='ocrx_word' id='word_1_72' title='bbox 1146 828 1293 880; x_wconf 88' lang='lat' dir='ltr'>pascit,</span> 
     </span>
     <span class='ocr_line' id='line_1_16' title="bbox 212 894 1145 935; baseline -0.003 0"><span class='ocrx_word' id='word_1_73' title='bbox 212 895 440 935; x_wconf 84' lang='lat' dir='ltr'>distinctus</span> <span class='ocrx_word' id='word_1_74' title='bbox 460 894 614 934; x_wconf 85' lang='lat' dir='ltr'>croceis</span> <span class='ocrx_word' id='word_1_75' title='bbox 634 898 676 934; x_wconf 88' lang='lat' dir='ltr'>et</span> <span class='ocrx_word' id='word_1_76' title='bbox 697 894 945 934; x_wconf 74' lang='lat' dir='ltr'>reticulatus</span> <span class='ocrx_word' id='word_1_77' title='bbox 965 894 1145 934; x_wconf 81' lang='lat' dir='ltr'>adulter.</span> 
     </span>
     <span class='ocr_line' id='line_1_17' title="bbox 212 959 1257 1013; baseline -0.003 -12"><span class='ocrx_word' id='word_1_78' title='bbox 212 963 429 1013; x_wconf 88' lang='lat' dir='ltr'>suspectus</span> <span class='ocrx_word' id='word_1_79' title='bbox 450 959 527 999; x_wconf 89' lang='lat' dir='ltr'>tibi</span> <span class='ocrx_word' id='word_1_80' title='bbox 549 959 618 1007; x_wconf 86' lang='lat' dir='ltr'>sit,</span> <span class='ocrx_word' id='word_1_81' title='bbox 643 963 803 1012; x_wconf 86' lang='lat' dir='ltr'>quanto</span> <span class='ocrx_word' id='word_1_82' title='bbox 823 973 903 999; x_wconf 80' lang='lat' dir='ltr'>vox</span> <span class='ocrx_word' id='word_1_83' title='bbox 924 959 1092 999; x_wconf 87' lang='lat' dir='ltr'>mollior</span> <span class='ocrx_word' id='word_1_84' title='bbox 1111 962 1154 999; x_wconf 89' lang='lat' dir='ltr'>et</span> <span class='ocrx_word' id='word_1_85' title='bbox 1174 972 1257 1012; x_wconf 90' lang='lat' dir='ltr'>quo</span> 
     </span>
     <span class='ocr_line' id='line_1_18' title="bbox 211 1024 1206 1079; baseline -0.003 -13"><span class='ocrx_word' id='word_1_86' title='bbox 211 1026 374 1079; x_wconf 88' lang='lat' dir='ltr'>saepius</span> <span class='ocrx_word' id='word_1_87' title='bbox 394 1026 438 1065; x_wconf 90' lang='lat' dir='ltr'>in</span> <span class='ocrx_word' id='word_1_88' title='bbox 460 1025 617 1066; x_wconf 85' lang='lat' dir='ltr'>teneris</span> <span class='ocrx_word' id='word_1_89' title='bbox 637 1025 826 1065; x_wconf 82' lang='lat' dir='ltr'>haerebit</span> <span class='ocrx_word' id='word_1_90' title='bbox 846 1025 1017 1065; x_wconf 77' lang='lat' dir='ltr'>dextera</span> <span class='ocrx_word' id='word_1_91' title='bbox 1036 1024 1206 1064; x_wconf 86' lang='lat' dir='ltr'>lumbis.</span> 
     </span>
    </p>

    <p class='ocr_par' dir='ltr' id='par_1_9' title="bbox 211 1089 1158 1210">
     <span class='ocr_line' id='line_1_19' title="bbox 211 1089 1129 1140; baseline -0.001 -9"><span class='ocrx_word' id='word_1_92' title='bbox 211 1092 281 1132; x_wconf 89' lang='lat' dir='ltr'>hic</span> <span class='ocrx_word' id='word_1_93' title='bbox 301 1091 381 1132; x_wconf 86' lang='lat' dir='ltr'>erit</span> <span class='ocrx_word' id='word_1_94' title='bbox 400 1091 446 1131; x_wconf 92' lang='lat' dir='ltr'>in</span> <span class='ocrx_word' id='word_1_95' title='bbox 465 1092 575 1131; x_wconf 89' lang='lat' dir='ltr'>lecto</span> <span class='ocrx_word' id='word_1_96' title='bbox 595 1091 870 1140; x_wconf 78' lang='lat' dir='ltr'>fortissimus;</span> <span class='ocrx_word' id='word_1_97' title='bbox 902 1090 1020 1130; x_wconf 75' lang='lat' dir='ltr'>exuit</span> <span class='ocrx_word' id='word_1_98' title='bbox 1041 1089 1129 1130; x_wconf 87' lang='lat' dir='ltr'>illic</span> 
     </span>
     <span class='ocr_line' id='line_1_20' title="bbox 211 1154 1158 1210; baseline -0.003 -14"><span class='ocrx_word' id='word_1_99' title='bbox 211 1170 432 1210; x_wconf 87' lang='lat' dir='ltr'>personam</span> <span class='ocrx_word' id='word_1_100' title='bbox 454 1156 580 1196; x_wconf 88' lang='lat' dir='ltr'>docili</span> <span class='ocrx_word' id='word_1_101' title='bbox 603 1156 731 1195; x_wconf 84' lang='lat' dir='ltr'>Thais</span> <span class='ocrx_word' id='word_1_102' title='bbox 752 1156 903 1195; x_wconf 83' lang='lat' dir='ltr'>saltata</span> <span class='ocrx_word' id='word_1_103' title='bbox 924 1154 1158 1207; x_wconf 83' lang='lat' dir='ltr'>Triphallo.</span> 
     </span>
    </p>

    <p class='ocr_par' dir='ltr' id='par_1_10' title="bbox 210 1219 1355 1469">
     <span class='ocr_line' id='line_1_21' title="bbox 212 1219 1355 1275; baseline -0.003 -13"><span class='ocrx_word' id='word_1_104' title='bbox 212 1235 336 1275; x_wconf 87' lang='lat' dir='ltr'>quem</span> <span class='ocrx_word' id='word_1_105' title='bbox 358 1222 499 1262; x_wconf 82' lang='lat' dir='ltr'>rides?</span> <span class='ocrx_word' id='word_1_106' title='bbox 555 1221 646 1261; x_wconf 85' lang='lat' dir='ltr'>aliis</span> <span class='ocrx_word' id='word_1_107' title='bbox 666 1221 782 1260; x_wconf 89' lang='lat' dir='ltr'>hunc</span> <span class='ocrx_word' id='word_1_108' title='bbox 803 1221 1002 1260; x_wconf 83' lang='lat' dir='ltr'>mimum!</span> <span class='ocrx_word' id='word_1_109' title='bbox 1062 1220 1228 1273; x_wconf 86' lang='lat' dir='ltr'>sponsio</span> <span class='ocrx_word' id='word_1_110' title='bbox 1250 1219 1355 1260; x_wconf 76' lang='lat' dir='ltr'>fiatt&#39;</span> 
     </span>
     <span class='ocr_line' id='line_1_22' title="bbox 210 1285 1320 1340; baseline -0.003 -13"><span class='ocrx_word' id='word_1_111' title='bbox 210 1301 366 1340; x_wconf 88' lang='lat' dir='ltr'>purum</span> <span class='ocrx_word' id='word_1_112' title='bbox 391 1291 429 1327; x_wconf 84' lang='lat' dir='ltr'>te</span> <span class='ocrx_word' id='word_1_113' title='bbox 450 1287 658 1327; x_wconf 83' lang='lat' dir='ltr'>contendo</span> <span class='ocrx_word' id='word_1_114' title='bbox 682 1286 832 1333; x_wconf 83' lang='lat' dir='ltr'>virum,</span> <span class='ocrx_word' id='word_1_115' title='bbox 857 1285 1082 1326; x_wconf 83' lang='lat' dir='ltr'>contendo.</span> <span class='ocrx_word' id='word_1_116' title='bbox 1142 1285 1320 1324; x_wconf 81' lang='lat' dir='ltr'>fateris?</span> 
     </span>
     <span class='ocr_line' id='line_1_23' title="bbox 211 1350 1170 1404; baseline -0.004 -11"><span class='ocrx_word' id='word_1_117' title='bbox 211 1367 266 1393; x_wconf 89' lang='lat' dir='ltr'>an</span> <span class='ocrx_word' id='word_1_118' title='bbox 286 1355 406 1393; x_wconf 88' lang='lat' dir='ltr'>vocat</span> <span class='ocrx_word' id='word_1_119' title='bbox 425 1353 598 1392; x_wconf 81' lang='lat' dir='ltr'>ancillas</span> <span class='ocrx_word' id='word_1_120' title='bbox 618 1352 788 1392; x_wconf 86' lang='lat' dir='ltr'>tortoris</span> <span class='ocrx_word' id='word_1_121' title='bbox 809 1351 1014 1404; x_wconf 80' lang='lat' dir='ltr'>pergula?</span> <span class='ocrx_word' id='word_1_122' title='bbox 1074 1350 1170 1390; x_wconf 88' lang='lat' dir='ltr'>novi</span> 
     </span>
     <span class='ocr_line' id='line_1_24' title="bbox 212 1415 1300 1469; baseline -0.004 -11"><span class='ocrx_word' id='word_1_123' title='bbox 212 1418 385 1458; x_wconf 87' lang='lat' dir='ltr'>consilia</span> <span class='ocrx_word' id='word_1_124' title='bbox 404 1421 447 1458; x_wconf 91' lang='lat' dir='ltr'>et</span> <span class='ocrx_word' id='word_1_125' title='bbox 468 1421 624 1458; x_wconf 86' lang='lat' dir='ltr'>veteres</span> <span class='ocrx_word' id='word_1_126' title='bbox 645 1430 935 1469; x_wconf 82' lang='lat' dir='ltr'>quaecumque</span> <span class='ocrx_word' id='word_1_127' title='bbox 956 1416 1137 1456; x_wconf 86' lang='lat' dir='ltr'>monetis</span> <span class='ocrx_word' id='word_1_128' title='bbox 1157 1415 1300 1455; x_wconf 86' lang='lat' dir='ltr'>amici:</span> 
     </span>
    </p>

    <p class='ocr_par' dir='ltr' id='par_1_11' title="bbox 212 1481 1346 1601">
     <span class='ocr_line' id='line_1_25' title="bbox 214 1481 1346 1536; baseline -0.002 -13"><span class='ocrx_word' id='word_1_129' title='bbox 214 1484 225 1502; x_wconf 87' lang='lat'>‘</span> <span class='ocrx_word' id='word_1_130' title='bbox 239 1497 347 1536; x_wconf 92' lang='lat' dir='ltr'>pone</span> <span class='ocrx_word' id='word_1_131' title='bbox 368 1496 515 1531; x_wconf 88' lang='lat' dir='ltr'>seram,</span> <span class='ocrx_word' id='word_1_132' title='bbox 539 1483 738 1523; x_wconf 84' lang='lat' dir='ltr'>cohibes.&#39;</span> <span class='ocrx_word' id='word_1_133' title='bbox 798 1482 868 1522; x_wconf 86' lang='lat' dir='ltr'>sed</span> <span class='ocrx_word' id='word_1_134' title='bbox 891 1482 984 1534; x_wconf 86' lang='lat' dir='ltr'>quis</span> <span class='ocrx_word' id='word_1_135' title='bbox 1005 1482 1216 1521; x_wconf 88' lang='lat' dir='ltr'>custodiat</span> <span class='ocrx_word' id='word_1_136' title='bbox 1237 1481 1346 1533; x_wconf 90' lang='lat' dir='ltr'>ipsos</span> 
     </span>
     <span class='ocr_line' id='line_1_26' title="bbox 212 1547 1165 1601; baseline -0.003 -13"><span class='ocrx_word' id='word_1_137' title='bbox 212 1549 417 1597; x_wconf 84' lang='lat' dir='ltr'>custodes,</span> <span class='ocrx_word' id='word_1_138' title='bbox 442 1548 513 1601; x_wconf 88' lang='lat' dir='ltr'>qui</span> <span class='ocrx_word' id='word_1_139' title='bbox 534 1561 649 1588; x_wconf 87' lang='lat' dir='ltr'>nunc</span> <span class='ocrx_word' id='word_1_140' title='bbox 669 1547 844 1587; x_wconf 80' lang='lat' dir='ltr'>lascivae</span> <span class='ocrx_word' id='word_1_141' title='bbox 864 1547 980 1586; x_wconf 83' lang='lat' dir='ltr'>furta</span> <span class='ocrx_word' id='word_1_142' title='bbox 1000 1547 1165 1599; x_wconf 86' lang='lat' dir='ltr'>puellae</span> 
     </span>
    </p>

    <p class='ocr_par' dir='ltr' id='par_1_12' title="bbox 211 1612 1340 1733">
     <span class='ocr_line' id='line_1_27' title="bbox 211 1612 1340 1654; baseline -0.004 0"><span class='ocrx_word' id='word_1_143' title='bbox 211 1615 290 1654; x_wconf 79' lang='lat' dir='ltr'>hae</span> <span class='ocrx_word' id='word_1_144' title='bbox 311 1614 499 1654; x_wconf 86' lang='lat' dir='ltr'>mercede</span> <span class='ocrx_word' id='word_1_145' title='bbox 521 1614 680 1653; x_wconf 85' lang='lat' dir='ltr'>silent?</span> <span class='ocrx_word' id='word_1_146' title='bbox 737 1612 896 1652; x_wconf 88' lang='lat' dir='ltr'>crimen</span> <span class='ocrx_word' id='word_1_147' title='bbox 917 1625 1141 1652; x_wconf 87' lang='lat' dir='ltr'>commune</span> <span class='ocrx_word' id='word_1_148' title='bbox 1163 1614 1340 1651; x_wconf 88' lang='lat' dir='ltr'>tacetur.</span> 
     </span>
     <span class='ocr_line' id='line_1_28' title="bbox 211 1677 1270 1733; baseline -0.004 -14"><span class='ocrx_word' id='word_1_149' title='bbox 211 1679 413 1733; x_wconf 83' lang='lat' dir='ltr'>prospicit</span> <span class='ocrx_word' id='word_1_150' title='bbox 433 1679 512 1718; x_wconf 90' lang='lat' dir='ltr'>hoc</span> <span class='ocrx_word' id='word_1_151' title='bbox 532 1679 718 1731; x_wconf 88' lang='lat' dir='ltr'>prudens</span> <span class='ocrx_word' id='word_1_152' title='bbox 739 1681 781 1718; x_wconf 92' lang='lat' dir='ltr'>et</span> <span class='ocrx_word' id='word_1_153' title='bbox 800 1678 851 1717; x_wconf 88' lang='lat' dir='ltr'>ab</span> <span class='ocrx_word' id='word_1_154' title='bbox 873 1677 957 1717; x_wconf 87' lang='lat' dir='ltr'>illis</span> <span class='ocrx_word' id='word_1_155' title='bbox 978 1677 1130 1729; x_wconf 86' lang='lat' dir='ltr'>incipit</span> <span class='ocrx_word' id='word_1_156' title='bbox 1150 1690 1270 1716; x_wconf 82' lang='lat' dir='ltr'>uxor..</span> 
     </span>
    </p>
   </div>
   <div class='ocr_carea' id='block_1_7' title="bbox 158 1808 1570 1863">
    <p class='ocr_par' dir='ltr' id='par_1_13' title="bbox 158 1808 1570 1863">
     <span class='ocr_line' id='line_1_29' title="bbox 158 1808 1570 1863; baseline -0.003 -12"><span class='ocrx_word' id='word_1_157' title='bbox 158 1814 259 1851; x_wconf 88' lang='lat' dir='ltr'>sunt</span> <span class='ocrx_word' id='word_1_158' title='bbox 278 1824 380 1863; x_wconf 84' lang='lat' dir='ltr'>quas</span> <span class='ocrx_word' id='word_1_159' title='bbox 399 1810 584 1850; x_wconf 87' lang='lat' dir='ltr'>eunuchi</span> <span class='ocrx_word' id='word_1_160' title='bbox 605 1810 780 1850; x_wconf 85' lang='lat' dir='ltr'>inbelles</span> <span class='ocrx_word' id='word_1_161' title='bbox 800 1822 847 1849; x_wconf 90' lang='lat' dir='ltr'>ac</span> <span class='ocrx_word' id='word_1_162' title='bbox 867 1808 1012 1849; x_wconf 88' lang='lat' dir='ltr'>mollia</span> <span class='ocrx_word' id='word_1_163' title='bbox 1032 1821 1194 1860; x_wconf 87' lang='lat' dir='ltr'>semper</span> <span class='ocrx_word' id='word_1_164' title='bbox 1493 1809 1570 1848; x_wconf 78' lang='lat'>366</span> 
     </span>
    </p>
   </div>
   <div class='ocr_carea' id='block_1_8' title="bbox 103 1874 1571 2318">
    <p class='ocr_par' dir='ltr' id='par_1_14' title="bbox 104 1874 960 1927">
     <span class='ocr_line' id='line_1_30' title="bbox 104 1874 960 1927; baseline -0.004 -10"><span class='ocrx_word' id='word_1_165' title='bbox 104 1876 245 1917; x_wconf 87' lang='lat' dir='ltr'>oscula</span> <span class='ocrx_word' id='word_1_166' title='bbox 265 1876 474 1916; x_wconf 85' lang='lat' dir='ltr'>delectent</span> <span class='ocrx_word' id='word_1_167' title='bbox 493 1878 536 1915; x_wconf 89' lang='lat' dir='ltr'>et</span> <span class='ocrx_word' id='word_1_168' title='bbox 556 1874 789 1927; x_wconf 83' lang='lat' dir='ltr'>desperatio</span> <span class='ocrx_word' id='word_1_169' title='bbox 811 1874 960 1914; x_wconf 85' lang='lat' dir='ltr'>barbae</span> 
     </span>
    </p>

    <p class='ocr_par' dir='ltr' id='par_1_15' title="bbox 104 1939 1158 1994">
     <span class='ocr_line' id='line_1_31' title="bbox 104 1939 1158 1994; baseline -0.003 -12"><span class='ocrx_word' id='word_1_170' title='bbox 104 1944 146 1982; x_wconf 90' lang='lat' dir='ltr'>et</span> <span class='ocrx_word' id='word_1_171' title='bbox 166 1942 277 1994; x_wconf 89' lang='lat' dir='ltr'>quod</span> <span class='ocrx_word' id='word_1_172' title='bbox 298 1941 487 1981; x_wconf 83' lang='lat' dir='ltr'>abortivo</span> <span class='ocrx_word' id='word_1_173' title='bbox 506 1954 592 1980; x_wconf 89' lang='lat' dir='ltr'>non</span> <span class='ocrx_word' id='word_1_174' title='bbox 613 1943 674 1980; x_wconf 90' lang='lat' dir='ltr'>est</span> <span class='ocrx_word' id='word_1_175' title='bbox 695 1953 810 1992; x_wconf 90' lang='lat' dir='ltr'>opus.</span> <span class='ocrx_word' id='word_1_176' title='bbox 873 1939 946 1979; x_wconf 88' lang='lat' dir='ltr'>illa</span> <span class='ocrx_word' id='word_1_177' title='bbox 966 1939 1158 1991; x_wconf 84' lang='lat' dir='ltr'>voluptas</span> 
     </span>
    </p>

    <p class='ocr_par' dir='ltr' id='par_1_16' title="bbox 104 2004 1221 2058">
     <span class='ocr_line' id='line_1_32' title="bbox 104 2004 1221 2058; baseline -0.003 -12"><span class='ocrx_word' id='word_1_178' title='bbox 104 2020 268 2047; x_wconf 86' lang='lat' dir='ltr'>summa</span> <span class='ocrx_word' id='word_1_179' title='bbox 288 2010 444 2054; x_wconf 87' lang='lat' dir='ltr'>tamen,</span> <span class='ocrx_word' id='word_1_180' title='bbox 470 2006 582 2058; x_wconf 85' lang='lat' dir='ltr'>quod</span> <span class='ocrx_word' id='word_1_181' title='bbox 604 2006 685 2045; x_wconf 88' lang='lat' dir='ltr'>iam</span> <span class='ocrx_word' id='word_1_182' title='bbox 707 2005 843 2045; x_wconf 88' lang='lat' dir='ltr'>calida</span> <span class='ocrx_word' id='word_1_183' title='bbox 862 2007 1029 2044; x_wconf 86' lang='lat' dir='ltr'>matura</span> <span class='ocrx_word' id='word_1_184' title='bbox 1049 2004 1221 2044; x_wconf 79' lang='lat' dir='ltr'>iuventa</span> 
     </span>
    </p>

    <p class='ocr_par' dir='ltr' id='par_1_17' title="bbox 103 2069 1571 2191">
     <span class='ocr_line' id='line_1_33' title="bbox 104 2069 1571 2124; baseline -0.001 -12"><span class='ocrx_word' id='word_1_185' title='bbox 104 2072 282 2124; x_wconf 85' lang='lat' dir='ltr'>inguina</span> <span class='ocrx_word' id='word_1_186' title='bbox 301 2072 532 2112; x_wconf 88' lang='lat' dir='ltr'>traduntur</span> <span class='ocrx_word' id='word_1_187' title='bbox 551 2071 738 2118; x_wconf 87' lang='lat' dir='ltr'>medicis,</span> <span class='ocrx_word' id='word_1_188' title='bbox 764 2070 846 2110; x_wconf 88' lang='lat' dir='ltr'>iam</span> <span class='ocrx_word' id='word_1_189' title='bbox 867 2069 1034 2122; x_wconf 84' lang='lat' dir='ltr'>pectine</span> <span class='ocrx_word' id='word_1_190' title='bbox 1054 2069 1196 2121; x_wconf 80' lang='lat' dir='ltr'>nigro3</span> <span class='ocrx_word' id='word_1_191' title='bbox 1493 2071 1571 2111; x_wconf 74' lang='lat'>370</span> 
     </span>
     <span class='ocr_line' id='line_1_34' title="bbox 103 2134 1059 2191; baseline -0.005 -13"><span class='ocrx_word' id='word_1_192' title='bbox 103 2151 202 2190; x_wconf 84' lang='lat' dir='ltr'>ergo</span> <span class='ocrx_word' id='word_1_193' title='bbox 223 2139 430 2191; x_wconf 86' lang='lat' dir='ltr'>spectatos</span> <span class='ocrx_word' id='word_1_194' title='bbox 450 2149 497 2177; x_wconf 88' lang='lat' dir='ltr'>ac</span> <span class='ocrx_word' id='word_1_195' title='bbox 517 2136 649 2176; x_wconf 89' lang='lat' dir='ltr'>iussos</span> <span class='ocrx_word' id='word_1_196' title='bbox 669 2148 851 2175; x_wconf 87' lang='lat' dir='ltr'>crescere</span> <span class='ocrx_word' id='word_1_197' title='bbox 874 2134 1059 2187; x_wconf 86' lang='lat' dir='ltr'>primum</span> 
     </span>
    </p>

    <p class='ocr_par' dir='ltr' id='par_1_18' title="bbox 105 2199 1143 2255">
     <span class='ocr_line' id='line_1_35' title="bbox 105 2199 1143 2255; baseline -0.004 -12"><span class='ocrx_word' id='word_1_198' title='bbox 105 2203 333 2250; x_wconf 83' lang='lat' dir='ltr'>testiculos,</span> <span class='ocrx_word' id='word_1_199' title='bbox 358 2206 580 2255; x_wconf 88' lang='lat' dir='ltr'>postquam</span> <span class='ocrx_word' id='word_1_200' title='bbox 602 2203 833 2254; x_wconf 90' lang='lat' dir='ltr'>coeperunt</span> <span class='ocrx_word' id='word_1_201' title='bbox 854 2213 939 2240; x_wconf 86' lang='lat' dir='ltr'>esse</span> <span class='ocrx_word' id='word_1_202' title='bbox 959 2199 1143 2248; x_wconf 89' lang='lat' dir='ltr'>bilibres,</span> 
     </span>
    </p>

    <p class='ocr_par' dir='ltr' id='par_1_19' title="bbox 104 2265 1570 2318">
     <span class='ocr_line' id='line_1_36' title="bbox 104 2265 1570 2318; baseline -0.003 -10"><span class='ocrx_word' id='word_1_203' title='bbox 104 2268 284 2308; x_wconf 85' lang='lat' dir='ltr'>tonsoris</span> <span class='ocrx_word' id='word_1_204' title='bbox 303 2268 458 2307; x_wconf 86' lang='lat' dir='ltr'>damno</span> <span class='ocrx_word' id='word_1_205' title='bbox 479 2270 649 2306; x_wconf 88' lang='lat' dir='ltr'>tantum</span> <span class='ocrx_word' id='word_1_206' title='bbox 670 2266 782 2318; x_wconf 86' lang='lat' dir='ltr'>rapit</span> <span class='ocrx_word' id='word_1_207' title='bbox 804 2265 1071 2304; x_wconf 87' lang='lat' dir='ltr'>Heliodorus.</span> <span class='ocrx_word' id='word_1_208' title='bbox 1493 2267 1570 2306; x_wconf 74' lang='lat'>373</span> 
     </span>
    </p>
   </div>
   <div class='ocr_carea' id='block_1_9' title="bbox 103 2396 1274 2450">
    <p class='ocr_par' dir='ltr' id='par_1_20' title="bbox 103 2396 1274 2450">
     <span class='ocr_line' id='line_1_37' title="bbox 103 2396 1274 2450; baseline -0.003 -12"><span class='ocrx_word' id='word_1_209' title='bbox 103 2409 155 2438; x_wconf 87' lang='lat' dir='ltr'>VI</span> <span class='ocrx_word' id='word_1_210' title='bbox 172 2399 222 2438; x_wconf 89' lang='grc' dir='ltr'>Β,</span> <span class='ocrx_word' id='word_1_211' title='bbox 281 2411 541 2450; x_wconf 89' lang='lat' dir='ltr'>mangonum</span> <span class='ocrx_word' id='word_1_212' title='bbox 562 2411 713 2450; x_wconf 87' lang='lat' dir='ltr'>pueros</span> <span class='ocrx_word' id='word_1_213' title='bbox 735 2410 830 2436; x_wconf 80' lang='lat' dir='ltr'>vcra</span> <span class='ocrx_word' id='word_1_214' title='bbox 850 2410 897 2436; x_wconf 81' lang='lat' dir='ltr'>ac</span> <span class='ocrx_word' id='word_1_215' title='bbox 918 2396 1167 2436; x_wconf 83' lang='lat' dir='ltr'>miserabilis</span> <span class='ocrx_word' id='word_1_216' title='bbox 1188 2396 1274 2436; x_wconf 91' lang='lat' dir='ltr'>urit</span> 
     </span>
    </p>
   </div>
   <div class='ocr_carea' id='block_1_10' title="bbox 279 2461 1260 2514">
    <p class='ocr_par' dir='ltr' id='par_1_21' title="bbox 279 2461 1260 2514">
     <span class='ocr_line' id='line_1_38' title="bbox 279 2461 1260 2514; baseline -0.003 -11"><span class='ocrx_word' id='word_1_217' title='bbox 279 2463 474 2503; x_wconf 86' lang='lat' dir='ltr'>debilitas</span> <span class='ocrx_word' id='word_1_218' title='bbox 493 2462 691 2514; x_wconf 84' lang='lat' dir='ltr'>follisque</span> <span class='ocrx_word' id='word_1_219' title='bbox 712 2462 845 2513; x_wconf 88' lang='lat' dir='ltr'>pudet</span> <span class='ocrx_word' id='word_1_220' title='bbox 865 2461 1092 2513; x_wconf 88' lang='lat' dir='ltr'>cicerisque</span> <span class='ocrx_word' id='word_1_221' title='bbox 1114 2461 1260 2500; x_wconf 86' lang='lat' dir='ltr'>relicti.</span> 
     </span>
    </p>
   </div>
  </div>
 </body>
</html>
