1778 2693
707 101 882 130 SATVRA
917 101 953 130 11

96 201 331 254 loripedem
353 203 496 241 rectus
518 202 726 250 derideat,
755 202 1014 254 Aethiopem
1036 202 1170 243 albus.

95 268 188 320 quis
210 266 360 306 tulerit
384 266 598 306 Gracchos
620 267 670 306 de
692 267 901 306 seditione
925 272 1150 319 querentes
1169 268 1187 308 ?

95 333 189 386 quis
211 332 375 372 caelum
398 331 521 371 terris
544 345 627 371 uon
652 332 827 371 misceat
850 339 891 372 ct
914 346 1027 372 mare
1050 334 1180 381 caelo,

94 398 127 437 si
149 398 220 437 fur
241 397 466 449 displiceat
490 397 627 443 Verri,
654 397 870 436 homicida
893 398 1060 445 Miloni,

95 463 270 503 Clodius
291 467 462 504 accuset
484 464 697 511 moechos,
725 464 911 504 Catilina
934 465 1188 516 Cethegum,

92 528 137 568 in
159 529 351 568 tabulam
375 528 516 569 Sullae
540 529 573 567 si
598 529 746 568 (licant
769 529 969 582 discipuli
992 533 1077 569 tres
1098 529 1138 568 ?’

93 594 229 646 qualis
251 598 341 634 erat
363 607 500 647 nuper
524 594 686 646 tragico
710 594 904 646 pollutus
925 595 1095 634 adulter

92 659 340 707 concubitui,
367 660 439 712 qui
462 664 568 699 tunc
590 660 704 712 leges
728 661 953 700 revocabat
975 673 1137 700 amaras

92 724 289 764 omnibus
310 728 439 777 atque
461 725 563 777 ipsis
587 725 744 764 Veneri
769 725 984 778 Martique
1006 725 1234 777 timendas,

91 802 189 828 cum
211 792 276 829 tot
298 790 502 829 abortivis
525 790 757 830 fecundam
781 790 891 829 Iulia
913 790 1084 829 vulvam

90 854 271 894 solveret
293 857 335 894 et
356 858 510 907 patruo
533 855 692 895 similes
715 855 957 894 effunderet
978 855 1095 894 offas.

89 932 231 959 nonne
253 919 387 972 igitur
407 919 498 959 iure
520 933 567 959 ac
590 920 743 959 merito
766 920 871 959 vitia
893 919 1048 959 ultima
1068 920 1190 960 fictos

89 987 374 1023 contemnunt
398 984 578 1024 Scauros
599 988 641 1024 et
664 985 873 1036 castigata
891 985 1137 1024 remordent
1160 985 1178 1024 ἶ)

141 1062 228 1088 11011
249 1049 352 1088 tulit
374 1062 424 1089 ex
445 1049 528 1089 illis
549 1052 721 1089 torvum
744 1049 926 1089 Laronia
949 1050 1162 1102 quendam

89 1114 344 1154 clamantem
368 1114 526 1159 totiens
552 1118 563 1135 ‘
578 1115 650 1154 ubi
672 1128 788 1154 nunc
809 1115 877 1154 lex
899 1115 1010 1154 Iulia
1030 1115 1046 1155 Ρ
1103 1115 1262 1155 dormis
1281 1114 1324 1155 ?'

88 1182 216 1231 atque
237 1179 298 1218 ita
319 1179 567 1219 subridens:
603 1180 772 1219 ‘felicia
793 1186 1000 1232 tempora,
1026 1193 1133 1232 quae
1156 1185 1197 1219 te

87 1244 276 1284 moribus
298 1249 538 1296 opponunt.
600 1244 756 1284 habeat
778 1245 861 1284 iam
886 1246 1018 1285 Roma
1038 1245 1261 1298 pudorem,

88 1309 242 1348 tertius
263 1322 284 1349 e
306 1310 422 1349 caelo
445 1310 601 1349 cecidit
625 1310 744 1349 Cato.
808 1310 879 1349 sed
902 1314 1046 1350 tamen
1068 1310 1182 1349 unde

87 1374 189 1414 haee
211 1374 329 1421 emis,
354 1374 520 1414 hirsuto
542 1375 705 1427 spirant
726 1375 997 1427 opobalsama
1017 1375 1126 1415 collo

86 1452 193 1492 quae
215 1439 292 1478 tibi
317 1439 334 1479 ?
390 1453 443 1479 ne
463 1440 625 1491 pudeat
647 1440 871 1479 dominum
895 1443 1132 1479 monstrare
1155 1440 1369 1480 tabernae.

86 1505 200 1557 quod
221 1504 254 1544 si
276 1508 486 1544 vexantur
506 1505 621 1557 leges
642 1518 689 1544 ac
712 1505 818 1552 iura,
845 1505 967 1545 citari

85 1573 184 1609 ante
206 1583 350 1609 omnes
373 1570 499 1609 debet
522 1569 756 1609 Scantinia.
819 1570 979 1622 respice
1002 1570 1189 1622 primum

85 1638 127 1674 et
148 1638 338 1674 scrutare
360 1634 483 1674 viros.
546 1635 715 1674 faciunt
736 1635 780 1673 hi
802 1635 938 1687 plura,
964 1635 1037 1674 sed
1059 1635 1152 1675 illos

84 1699 280 1739 defendit
303 1713 508 1739 numerus
531 1699 789 1752 iunctaeque
812 1700 997 1739 umbone
1019 1700 1262 1753 phalanges.

83 1777 238 1817 magna
258 1764 371 1804 inter
393 1764 540 1804 molles
562 1765 802 1804 concordia.
865 1778 951 1804 non
975 1765 1054 1804 erit
1077 1765 1214 1805 ullum

83 1829 325 1882 exemplum
346 1830 390 1869 in
412 1835 559 1869 nostro
581 1833 669 1869 tam
691 1830 942 1870 detestabile
965 1844 1078 1870 sexu.

84 1894 222 1934 Mevia
242 1908 327 1934 non
348 1895 500 1935 lambit
524 1894 719 1935 Cluviam
742 1908 819 1935 nec
843 1895 969 1935 Flora
991 1895 1205 1935 Catullam
1225 1910 1234 1935 ε

83 1959 219 2012 Hispo
240 1960 356 2000 subit
378 1960 551 2000 iuvenes
573 1965 615 2000 et
637 1961 784 2000 morbo
805 1961 937 2013 pallet
961 1964 1156 2013 utroque.

81 2025 294 2077 numquid
314 2038 391 2065 nos
413 2025 579 2078 agimus
601 2039 763 2073 causas,
789 2025 931 2065 civilia
953 2026 1046 2065 iura

80 2090 277 2130 novimus
298 2093 373 2130 aut
395 2091 483 2130 ullo
505 2091 689 2143 strepitu
711 2091 804 2130 fora
825 2095 965 2130 vestra
986 2104 1204 2132 movemus
1226 2092 1244 2132 Ρ

80 2154 304 2195 luctantur
326 2169 500 2208 paucae,
527 2157 759 2196 comedunt
782 2156 980 2208 colyphia
1001 2170 1176 2209 paucae.

80 2233 153 2260 vos
173 2220 315 2260 lanam
338 2221 510 2261 trahitis
532 2221 797 2274 calathisque
820 2226 992 2273 peracta
1013 2222 1183 2262 refertis

80 2286 249 2334 vellera,
275 2301 348 2327 vos
370 2288 490 2327 tenui
512 2295 821 2340 praegnantem
844 2288 1026 2328 stamine
1048 2289 1195 2329 fusum

82 2350 292 2404 Penelope
314 2352 481 2399 melius,
505 2352 641 2392 levius
663 2353 873 2405 torquetis
898 2353 1110 2401 Arachne,

79 2415 252 2456 horrida
272 2416 397 2469 quale
418 2416 525 2456 facit
545 2418 734 2458 residens
756 2418 799 2457 in
822 2418 968 2458 codice
989 2419 1152 2471 paelex.

1510 338 1560 376 25

1507 665 1559 702 30

1505 989 1556 1027 35

1502 1315 1554 1352 40

1499 1640 1549 1676 45

1497 1966 1548 2004 50

1493 2294 1543 2331 55
