1778 2693
197 121 254 163 90
688 120 726 147 I).
763 119 888 147 IVNII
921 119 1174 150 IVVENALIS

198 219 383 268 Italiam3
417 233 498 258 non
521 219 577 258 sic
600 219 731 270 igitur
751 218 952 258 mirabere
973 223 1120 271 portus

197 297 299 335 quos
322 288 471 323 natura
492 284 621 322 dedit.
682 284 749 322 sed
774 288 924 322 trunca
944 297 1087 335 puppe
1109 285 1306 336 magister

197 349 393 387 interiora
416 348 522 400 petit
546 348 723 387 Baianae
746 348 887 399 pervia
907 349 1081 388 cumbae

197 414 278 452 tuti
303 418 449 465 stagna
470 413 599 452 sinus.
659 413 846 464 gaudent
867 413 921 450 ibi
946 413 1098 452 vertice
1119 427 1207 453 raso

196 478 363 529 garrula
383 477 514 517 securi
539 490 704 516 narrare
725 477 913 528 pericula
932 480 1097 516 nautae.

252 543 305 581 ite
329 542 473 593 igitur,
498 542 632 594 pueri,
656 542 815 593 linguis
836 542 1071 593 animisque
1091 543 1279 583 faventes

195 615 387 658 sertaque
408 607 592 646 delubris
613 610 654 646 et
674 607 786 646 farra
806 606 998 658 inponite
1020 606 1168 646 cultris

195 685 240 710 ac
263 671 399 711 mollis
419 675 563 711 ornate
583 671 696 711 focos
715 671 988 722 glaebamque
1010 671 1229 711 virentem.

197 737 278 775 iam
300 749 448 788 sequar
468 739 510 775 et
530 749 656 784 sacro,
682 736 793 788 quod
815 739 1012 788 praestat,
1036 736 1114 775 rite
1135 739 1303 788 peracto

196 801 293 841 inde
314 802 487 840 domum
509 804 708 852 repetam,
732 801 906 852 graciles
927 801 999 840 ubi
1021 814 1148 852 parva
1168 814 1340 841 coronas

195 866 410 918 accipiunt
430 866 571 917 fragili
593 865 814 905 simulacra
835 865 1018 904 nitentia
1039 879 1142 905 cera.

196 931 263 971 hic
285 936 474 971 nostrum
497 932 667 983 placabo
688 931 830 970 Iovem
852 931 1113 982 Laribusque
1134 931 1320 983 paternis

197 999 290 1036 tura
310 996 416 1035 dabo
437 999 561 1047 atque
583 995 718 1035 omnis
739 995 870 1035 violae
891 995 1052 1035 iactabo
1073 996 1240 1036 colores.

195 1064 348 1100 cuncta
370 1061 522 1108 nitent,
546 1061 692 1112 longos
712 1061 843 1100 erexit
863 1060 989 1100 ianua
1010 1074 1146 1100 ramos

195 1131 236 1165 et
257 1125 479 1165 matutinis
499 1129 694 1177 operatur
715 1126 821 1164 festa
841 1125 1035 1164 lucernis.

195 1204 270 1230 nec
291 1194 482 1242 suspecta
503 1190 578 1229 tibi
601 1190 686 1229 sint
706 1191 820 1237 haec,
847 1189 1041 1229 Corvine.
1103 1189 1297 1230 Catullus

195 1269 270 1306 pro
292 1255 412 1294 cuius
432 1255 567 1294 reditu
592 1257 655 1294 tot
676 1268 786 1306 pono
806 1254 968 1301 altaria,
992 1267 1140 1305 parvos

196 1324 279 1359 tres
299 1320 425 1359 habet
445 1319 626 1359 heredes.
689 1319 791 1358 libet
811 1322 1027 1370 expectare
1049 1318 1143 1370 quis
1166 1333 1331 1371 aegram

195 1388 237 1424 et
257 1385 523 1424 claudentem
544 1385 685 1424 oculos
705 1384 901 1435 gallinam
926 1384 1130 1435 inpendat
1150 1384 1283 1423 amico

196 1453 281 1489 tam
303 1450 448 1497 sterili,
472 1463 618 1488 verum
639 1449 739 1488 haec
760 1449 891 1488 nimia
910 1452 972 1488 est
992 1449 1180 1500 inpensa,
1205 1449 1400 1490 coturnix

195 1515 313 1553 nulla
334 1528 535 1565 umquam
557 1527 630 1565 pro
652 1518 769 1565 patre
790 1514 921 1553 cadet.
984 1513 1137 1553 sentire
1158 1513 1334 1553 calorem

195 1580 227 1618 si
249 1579 386 1631 coepit
406 1579 591 1631 locuples
613 1579 788 1618 Gallitta
808 1582 850 1618 et
872 1578 1021 1618 Pacius
1041 1578 1145 1625 orbi,

195 1644 382 1695 legitime
403 1643 495 1683 fixis
516 1643 693 1683 vestitur
714 1647 800 1683 tota
821 1643 974 1683 libellis

195 1709 394 1761 porticus,
419 1708 607 1748 existunt
629 1708 699 1759 qui
721 1708 973 1760 promittant
994 1708 1281 1756 hecatomben,

196 1776 403 1825 quatenus
422 1773 491 1813 hic
511 1786 595 1812 non
618 1776 718 1812 sunt
739 1786 814 1812 nec
837 1773 998 1812 venales
1019 1772 1247 1823 elephanti,

197 1852 271 1878 nec
293 1838 412 1877 Latio
433 1840 508 1877 aut
528 1851 705 1889 usquam
727 1838 803 1877 sub
825 1840 966 1877 nostro
988 1837 1119 1877 sidere
1142 1837 1236 1876 talis

195 1903 317 1943 belua
338 1903 589 1954 concipitur,
614 1903 683 1941 sed
704 1902 829 1942 furva
848 1905 972 1953 gente
994 1902 1127 1954 petita

195 1968 412 2007 arboribus
434 1967 603 2007 Rutulis
624 1970 666 2006 et
687 1967 822 2006 Turni
843 1966 1030 2019 pascitur
1049 1979 1162 2017 agro,
1181 1963 1186 1970 ’

198 2032 381 2072 Caesaris
401 2035 641 2071 armentum
662 2031 769 2071 nulli
791 2031 942 2072 servire
964 2034 1158 2083 paratum

196 2097 374 2149 privato,
399 2096 605 2148 siquidem
628 2097 754 2148 Tyrio
776 2110 919 2149 parere
939 2096 1127 2136 solebant

198 2162 426 2201 Hannibali
449 2165 490 2201 et
510 2162 663 2201 nostris
683 2162 862 2201 ducibus
881 2161 1052 2213 regique
1074 2160 1251 2200 Molosso

196 2226 349 2266 horum
372 2226 545 2266 maiores
565 2240 612 2266 ac
632 2227 752 2266 dorso
772 2227 881 2266 ferre
901 2225 1098 2273 cohortis,

198 2293 358 2344 partem
380 2291 564 2342 aliquam
584 2291 747 2342 belli‚et
768 2294 940 2331 euntem
961 2291 1003 2329 in
1026 2289 1183 2342 proelia
1203 2292 1378 2331 turrem.

198 2356 316 2395 nulla
337 2355 468 2407 igitur
488 2369 604 2395 mora
623 2370 697 2408 per
717 2357 917 2403 Novium,
942 2368 1057 2394 mora.
1077 2354 1196 2394 nulla
1215 2368 1289 2407 per
1310 2356 1507 2396 Histrum

200 2419 447 2468 Pacuvium,
472 2420 575 2472 quin
597 2421 701 2459 illud
724 2422 826 2460 ebur
846 2421 1026 2460 ducatur
1046 2419 1099 2459 ad
1118 2432 1209 2459 aras

1601 353 1651 392 80

1603 660 1719 714 85*

1603 999 1654 1037 90

1604 1322 1654 1361 95

1576 1644 1654 1684 100

1575 1967 1654 2008 105

1577 2292 1654 2330 110
