1778 2693
217 174 274 214 40
708 173 747 201 D.
784 173 909 202 IVNII
940 173 1192 203 IVVENALIS

218 273 475 325 simpuvium
499 273 634 313 ridere
657 274 821 313 Numae
844 273 1096 325 nigrumque
1118 274 1306 314 catinum

217 343 258 377 et
282 338 484 377 Vaticano
504 339 674 389 fragiles
695 339 745 377 de
767 343 908 378 monte
929 339 1103 390 patellas

217 417 340 442 ausus
361 407 448 442 0131
463 405 481 441 ⁴?
537 404 607 442 sed
629 416 743 442 1111110
764 404 814 442 11(1
838 416 939 454 quas
959 417 1043 443 non
1067 404 1238 445 Clodius
1257 407 1379 445 aras?
1596 409 1672 446 345

270 469 394 508 audio
416 468 515 519 quid
540 473 696 507 veteres
716 468 815 507 olim
838 469 1041 508 moneatis
1061 470 1203 509 amici:

219 534 352 585 ‘pone
374 546 519 580 seram,
545 533 752 585 prohibe.’
812 534 881 572 sed
904 534 996 585 quis
1016 535 1224 574 custodiet
1244 535 1353 587 ipsos

215 598 438 637 custodes?
495 601 617 636 cauta
637 600 699 636 est
719 600 761 637 et
781 598 831 637 ab
854 598 936 637 illis
958 598 1107 651 incipit
1128 613 1244 639 uxor.

216 663 381 714 iamque
402 663 546 702 eadem
568 663 741 702 summis
762 663 918 715 pariter
942 664 1211 716 minimisque
1232 665 1375 713 libido,

215 741 289 767 1100
312 729 469 775 11101101,
495 728 651 768 silicem
674 729 848 780 pedibus
871 742 976 781 (11130
996 730 1176 769 conterit
1195 734 1350 777 atrum,
1595 732 1673 771 350

215 806 338 844 (11111111
361 806 465 845 quae
485 793 706 844 longorum
731 793 897 833 vehitur
917 795 1074 834 cervice
1095 794 1307 847 Syrorum.

267 862 315 896 ut
335 861 493 910 spectet
513 858 647 906 ludos,
671 859 871 898 conducit
893 858 1077 911 Ogulnia
1096 862 1266 908 vestem,

213 923 411 962 conducit
431 923 602 962 comites
623 923 763 962 sellam
788 923 961 963 cervical
984 924 1136 964 amicas

212 987 420 1027 nutricem
442 991 484 1026 et
504 987 652 1027 flavam
673 988 740 1027 cui
763 989 834 1028 det
855 989 1053 1028 mandata
1073 989 1272 1041 puellam.

212 1052 312 1091 haec
336 1055 471 1091 tamen
494 1053 655 1104 argenti
678 1056 867 1105 superest
887 1055 1181 1106 quodcumque
1201 1054 1380 1106 paterni,
1593 1057 1616 1095 3

211 1117 370 1156 levibus
390 1117 560 1157 athletis
581 1120 622 1157 et
645 1131 737 1157 vasa
756 1118 981 1158 novissima
1001 1119 1149 1159 donat:

211 1182 357 1221 multis
378 1195 440 1222 res
460 1185 638 1234 angusta
658 1183 786 1231 domi,
812 1184 882 1222 sed
905 1184 1020 1223 nulla
1042 1185 1245 1236 pudorem

210 1247 469 1299 paupertatis
490 1247 615 1286 habet
637 1261 712 1287 nec
733 1261 774 1288 se
795 1248 971 1287 metitur
991 1249 1042 1288 ad
1064 1249 1185 1288 illum

211 1324 335 1362 quem
356 1312 473 1351 dedit
494 1312 595 1352 haec
616 1313 840 1365 posuitque
861 1314 1046 1353 modum.
1110 1317 1251 1354 tamen
1272 1314 1376 1354 utile
1396 1314 1497 1366 quid
1518 1314 1585 1362 sit,

210 1377 472 1428 prospiciunt
492 1377 719 1429 aliquando
739 1378 834 1425 viri,
859 1378 1077 1431 frigusque
1098 1379 1338 1431 famemque
1590 1381 1667 1419 360

210 1441 386 1481 formica
406 1443 577 1481 tandem
599 1442 770 1493 quidam
792 1456 993 1495 expavere
1015 1443 1232 1495 magistra:

209 1507 384 1558 prodiga
406 1520 489 1547 non
511 1508 639 1547 sentit
659 1511 906 1560 pereuntem
927 1509 1086 1548 femina
1106 1522 1291 1548 censum.

209 1585 255 1611 30
276 1572 391 1611 101111
411 1572 612 1612 exhausta
632 1573 844 1612 redivivus
866 1573 1048 1625 pullulet
1068 1587 1161 1613 arca

210 1650 409 1676 nummus
429 1641 471 1677 et
490 1651 512 1677 e
532 1637 656 1690 pleno
680 1638 852 1678 tollatur
872 1651 1034 1690 semper
1053 1652 1211 1687 acervo,

209 1714 293 1741 11011
315 1715 490 1754 usquam
511 1705 723 1755 reputant,
749 1703 897 1755 quanti
918 1703 994 1742 sibi
1016 1704 1170 1755 gaudia
1189 1707 1392 1744 constent.
1589 1707 1666 1745 365

1620 1058 1642 1095 Ο(

1647 1059 1669 1095 0¹

208 1841 258 1870 VI
273 1832 323 1871 A.
386 1832 431 1871 in
453 1846 717 1885 quacumque
738 1834 862 1873 domo
887 1833 988 1872 vivit
1007 1833 1203 1885 luditque
1222 1834 1432 1886 professus

315 1897 564 1937 obscaenum
588 1898 767 1937 tremula
788 1898 1001 1949 promittit
1021 1901 1064 1938 et
1084 1898 1224 1937 omnia
1244 1899 1409 1938 dextra:

315 1961 501 2002 invenies
522 1963 657 2002 omnis
678 1966 822 2015 turpes
844 1963 1081 2015 similesque
1101 1963 1299 2003 cinaedis.

314 2027 380 2066 his
400 2027 552 2067 violare
575 2027 686 2067 cibos
707 2041 925 2080 sacraeque
946 2028 1143 2068 adsistere
1164 2041 1328 2068 mensae

314 2092 569 2144 permittunt
591 2096 633 2132 et
654 2107 748 2133 vasa
770 2093 917 2133 iubent
938 2094 1172 2145 frangenda
1191 2093 1335 2141 lavari,

314 2170 408 2196 cum
431 2157 679 2209 colocyntha
701 2158 807 2197 bibit
830 2159 891 2198 vel
913 2172 1009 2197 cum
1030 2158 1201 2198 barbata
1220 2157 1427 2198 Chelidon.

312 2221 458 2273 purior
479 2235 576 2273 ergo
601 2223 683 2262 tuis
703 2223 860 2262 laribus
881 2223 1112 2274 meliorque
1132 2222 1297 2270 lanista,

313 2286 357 2325 in
379 2287 498 2326 cuius
521 2301 695 2327 numero
716 2288 839 2340 longe
862 2288 1040 2339 migrare
1062 2288 1230 2327 iubetur

314 2351 476 2403 Psyllus
497 2352 547 2391 ab
569 2352 794 2404 Eupholio.
855 2353 955 2404 quid
979 2353 1088 2404 quod
1111 2365 1186 2391 1100
1206 2352 1310 2391 retia
1328 2351 1444 2404 turpi

208 2419 255 2455 10
313 2416 551 2467 iunguntur
573 2417 752 2464 tunicae,
777 2430 852 2456 nec
872 2417 976 2457 cella
997 2417 1116 2469 ponit
1145 2417 1287 2456 eadem

313 2484 578 2520 munimenta
597 2477 732 2521 umeri
752 2481 1075 2534 pulsantemque
1094 2494 1210 2520 arma
1229 2481 1456 2521 tridentem

234 2095 256 2130 01
