1778 2693
187 159 242 202 70
675 155 713 182 D.
751 154 877 183 IVNII
908 151 1161 182 IVVENALIS

245 258 254 275 ‘'
270 257 371 296 haec
392 255 579 307 exempla
602 267 700 306 para
721 253 925 293 felicibus.
987 254 1030 291 at
1051 264 1142 291 mea
1163 250 1315 290 Clotho

189 327 231 363 et
253 321 445 361 Lachesis
466 320 635 372 gaudet,
659 319 692 357 si
714 317 899 370 pascitur
921 317 1095 369 inguine
1116 318 1272 356 venter.

189 402 212 427 ο
233 387 347 440 parvi
372 385 586 436 nostrique
611 384 747 430 Lares,
774 396 877 434 quos
900 385 992 422 ture
1014 382 1180 421 minuto

189 456 262 493 aut
282 452 392 491 farre
414 454 455 489 et
477 449 594 488 tenui
616 448 725 488 soleo
746 461 914 487 exorare
935 461 1100 495 corona,

191 517 357 569 quando
378 529 453 567 ego
476 516 599 566 figam
621 513 795 565 aliquid,
821 526 903 565 quo
924 512 978 552 sit
998 512 1104 551 mihi
1124 514 1218 551 tuta
1237 511 1427 551 senectus

190 596 214 622 a
236 584 368 633 tegete
390 584 431 619 et
451 579 598 619 baculo
612 580 630 617 ἶ)
690 578 842 630 viginti
864 577 981 617 milia
1001 578 1150 617 faenus

191 646 433 700 pigneribus
454 644 614 697 positis,
640 643 803 695 argenti
826 643 991 682 vascula
1011 642 1122 695 puri,

192 712 261 751 sed
284 724 386 763 quae
409 709 625 749 Fabricius
647 722 792 749 censor
814 710 945 755 notet,
969 710 1010 747 et
1030 707 1114 746 duo
1134 706 1265 746 fortes

192 777 242 816 de
263 789 388 828 grege
411 775 661 821 Moesorum,
688 774 758 826 qui
782 787 848 813 me
869 772 1026 813 cervice
1045 772 1180 812 locata

193 854 383 881 securum
405 840 577 879 iubeant
599 839 779 879 clamoso
802 838 993 878 insistere
1013 837 1142 885 cir003

193 906 247 946 sit
267 905 372 945 mihi
393 907 604 956 praeterea
623 918 776 944 curvus
796 903 991 950 caelator,
1015 906 1056 942 et
1076 902 1183 941 alter

194 971 266 1023 qui
288 970 441 1009 multas
461 969 588 1009 facies
609 969 752 1022 pingit
771 970 874 1016 eit03
906 967 1122 1007 sufficiunt
1141 966 1254 1005 haee.

195 1035 362 1088 quando
382 1047 458 1086 ego
479 1048 638 1087 pauper
658 1048 728 1074 ero
741 1035 760 1073 ’ἓ
816 1036 962 1073 votum
983 1031 1230 1078 miserabile,
1253 1043 1330 1070 nec
1349 1042 1441 1082 spes

194 1100 260 1140 his
289 1100 456 1148 saltem3
489 1113 586 1139 nam
607 1113 703 1139 eum
724 1112 800 1151 pro
821 1111 887 1138 me
908 1098 1098 1137 Fortuna
1118 1100 1304 1147 rogatur,

194 1165 342 1205 adfixit
366 1178 480 1204 ceras
500 1164 573 1204 illa
592 1165 643 1204 de
665 1177 768 1203 nave
789 1163 956 1215 petitas,

196 1243 300 1283 quae
322 1229 484 1270 Siculos
503 1232 651 1269 cantus
671 1229 822 1280 effugit
842 1227 999 1280 remige
1020 1226 1160 1266 surdo.

1570 251 1646 290 135

1573 576 1649 614 140

1575 900 1652 940 145

1578 1225 1655 1264 150
