1778 2693
777 116 953 145 SATVRA
986 116 1045 143 XV

176 233 271 273 pars
290 219 406 267 haec,
431 218 504 259 illa
523 219 649 271 pavet
669 219 853 257 saturam
875 217 1138 270 serpentibus
1158 216 1262 255 ibin.

176 285 331 337 effigies
351 283 455 323 sacri
478 283 587 322 nitet
607 295 733 322 aurea
753 283 1045 335 cercopitheci,

176 350 353 390 dimidio
374 349 557 401 magicae
578 351 777 387 resonant
797 347 868 386 ubi
892 348 1116 387 Memnone
1137 347 1316 387 chordae

176 420 302 468 atque
323 418 441 454 vetus
463 413 605 452 Thebe
625 416 795 452 centum
819 413 924 452 iacet
946 413 1095 452 obruta
1116 412 1260 464 portis.

177 481 263 521 illic
283 481 458 527 aeluros,
484 479 552 518 hic
574 478 729 531 piscem
751 478 952 526 fluminis,
978 479 1063 517 illic

177 546 330 599 oppida
353 547 440 585 tota.
460 558 606 585 canem
629 547 897 591 venerantur,
923 557 1045 583 nemo
1067 544 1261 582 Dianam.

176 625 348 664 porrum
370 615 412 650 et
433 624 555 663 caepe
577 610 694 649 nefas
715 609 868 648 violare
890 612 931 648 et
952 610 1145 660 frangere
1167 621 1328 656 morsu;

177 691 200 718 o
220 680 383 717 sanctas
403 680 548 728 gentes
569 675 722 727 quibus
743 675 843 714 haec
869 679 1102 714 nascuntur
1122 674 1166 712 in
1188 673 1321 713 hortis

177 742 368 782 numina.
429 740 580 781 lanatis
600 740 854 780 animalibus
874 740 1057 779 abstinet
1078 739 1214 779 omnis

177 821 334 855 mensa,
359 807 477 846 nefas
499 806 586 845 illic
606 806 741 845 fetum
765 805 956 857 iugulare
978 805 1180 857 capellae:

177 872 373 914 carnibus
392 871 590 911 humanis
613 871 718 910 vesci
739 870 853 910 licet.
913 871 1095 910 attonito
1115 884 1212 910 cum

177 939 260 979 tale
281 951 407 990 super
426 950 572 977 cenam
593 936 759 976 facinus
779 939 968 975 narraret
990 936 1134 975 Vlixes

178 1004 370 1049 Alcinoo,
395 1003 521 1043 bilem
543 1006 617 1042 aut
637 1002 768 1041 risum
790 1002 964 1041 fortasse
986 1001 1238 1053 quibusdam

178 1071 364 1110 moverat
384 1072 433 1107 ut
453 1068 633 1107 mendax
654 1067 902 1119 aretalogus.
969 1067 978 1084 ⁶
995 1067 1037 1106 in
1059 1080 1172 1106 mare
1193 1080 1316 1106 nemo

178 1135 293 1175 hunc
313 1134 441 1174 abicit
461 1147 581 1173 saeva
601 1133 781 1184 dignum
805 1145 984 1184 veraque
1007 1132 1233 1184 Charybdi,

179 1201 408 1252 fingentem
430 1199 622 1238 inmanes
644 1198 947 1250 Laestrygonas
967 1200 1093 1249 atque
1116 1197 1317 1249 Cyclopas
1331 1198 1350 1235 ’.Ρ

178 1279 277 1306 nam
298 1265 424 1304 citius
445 1263 627 1316 Scyllam
648 1263 711 1303 vel
733 1263 1028 1302 concurrentia
1048 1276 1145 1302 saxa

181 1331 357 1383 Cyaneis
378 1331 522 1383 plenos
542 1332 584 1369 et
607 1328 925 1381 tempestatibus
946 1331 1060 1368 utres

179 1396 428 1437 crediderim
451 1397 525 1435 aut
547 1393 664 1434 tenui
684 1407 931 1446 percussum
953 1393 1121 1433 verbere
1144 1393 1283 1432 Circes

180 1466 222 1502 et
241 1475 337 1502 cum
360 1460 588 1512 remigibus
609 1459 830 1511 grunnisse
852 1459 1064 1511 Elpenora
1085 1458 1235 1510 porcis.

180 1532 268 1567 tam
289 1526 408 1567 vacui
429 1525 579 1578 capitis
599 1524 806 1577 populum
830 1524 1016 1563 Phaeaca
1036 1523 1204 1576 putavit
1218 1525 1236 1562 ἱ)
1253 1524 1263 1540 ’

181 1593 239 1633 sic
259 1591 411 1644 aliquis
432 1590 582 1630 merito
603 1590 793 1630 nondum
816 1589 955 1628 ebrius
976 1593 1018 1628 et
1038 1589 1264 1628 minimum
1288 1588 1360 1640 qui

181 1659 232 1698 de
255 1657 482 1709 Corcyraea
503 1658 707 1695 temetum
729 1655 908 1694 duxerat
930 1668 1054 1702 urna3

181 1723 293 1764 solus
312 1722 425 1762 enim
447 1721 550 1761 hacc
572 1721 744 1760 Ithacus
764 1720 884 1760 nullo
905 1720 982 1759 sub
1003 1722 1108 1759 teste
1131 1720 1317 1759 canebat.

182 1801 257 1828 nos
277 1787 469 1827 miranda
490 1786 661 1839 quidem
683 1786 753 1826 sed.
775 1799 912 1838 nuper
932 1785 1101 1824 consule
1123 1785 1256 1824 Iunco

181 1857 299 1906 gesta
318 1866 442 1905 super
463 1851 620 1892 calidae
641 1851 873 1891 referemus
894 1850 1058 1890 moenia
1081 1850 1220 1902 Copti,

184 1932 258 1959 nos
277 1918 393 1969 vulgi
415 1917 547 1958 scelus
567 1920 609 1957 et
629 1916 795 1956 cunctis
816 1915 1008 1968 graviora
1029 1915 1267 1964 cothurnis;

182 1997 280 2024 nam
302 1983 448 2030 scelus,
473 1996 496 2022 a
517 1982 677 2035 Pyrrha
699 1995 957 2034 quamquam
980 1981 1121 2020 omnia
1142 1983 1324 2032 syrmata
1345 1981 1498 2027 volvas,

183 2049 326 2088 nullus
346 2051 450 2101 aput
470 2047 650 2100 tragicos
670 2047 854 2100 populus
875 2046 992 2086 facit.
1053 2046 1207 2096 accipe,
1232 2049 1374 2085 nostro

183 2114 274 2153 dira
295 2114 405 2165 quod
428 2113 671 2166 exemplum
695 2113 841 2153 feritas
862 2111 1111 2165 produxerit
1132 2125 1245 2151 aevo.

238 2179 350 2219 inter
370 2178 574 2219 finitimos
594 2182 715 2218 vetus
736 2181 862 2230 atque
883 2177 1061 2229 antiqua
1083 2177 1288 2224 simultas,

185 2245 407 2285 inmortale
428 2244 574 2285 odium
595 2247 637 2284 et
659 2257 893 2295 numquam
916 2243 1100 2282 sanabile
1123 2243 1277 2282 vulnus

184 2310 304 2350 ardet
323 2310 463 2349 adhuc
485 2309 641 2350 Ombos
662 2313 705 2348 et
726 2308 927 2361 Tentyra.
990 2321 1182 2348 summus
1202 2308 1419 2360 utrimque

186 2375 283 2415 inde
305 2375 425 2414 furor
445 2374 581 2426 volgo,
606 2374 719 2426 quod
741 2374 920 2414 numina
941 2373 1179 2414 vicinorum

186 2439 277 2480 odit
297 2442 475 2491 uterque
495 2439 626 2486 locus,
650 2452 748 2479 cum
769 2439 876 2480 solos
896 2439 1039 2479 credat
1060 2438 1274 2479 habendos

1566 115 1643 157 109

1619 349 1641 384 ΕΠ

1596 675 1643 711 10

1597 995 1680 1040 15'

1597 1329 1646 1366 20

1599 1656 1648 1693 25

1600 1982 1650 2020 30
